2085 2999
458 152 566 179 LIBER,
586 151 829 179 OBLATIONUM
848 150 1040 178 ECCLESIAE
1059 149 1209 176 MAIORIS
1227 148 1521 175 RATISBONENSIS.
1751 151 1808 181 241

260 406 528 464 LIBER
577 403 1183 463 OBLATIONUM
1239 401 1728 460 ECCLESIAE

405 507 793 566 MAIORIS
842 504 1578 565 RATISBONENSIS.

270 643 383 689 Duos
406 656 502 688 libros
524 656 778 694 membranaceos,
807 656 862 696 qui
888 666 972 687 nunc
1000 656 1033 687 in
1065 655 1223 687 tabulario
1252 654 1335 694 reyio
1357 653 1544 685 Monacensi
1566 652 1819 694 (Reiclisarcliiv)

166 714 385 753 asservantur,
416 712 538 743 saeculo
567 711 664 743 XIV.
692 711 820 743 ecclesia
845 712 946 742 maior
975 711 1213 742 Ratisbonensis
1240 709 1443 748 conficiendos
1471 708 1604 746 curavit,
1635 709 1671 739 in
1705 708 1818 748 quibus

167 767 379 799 scriberentur
402 767 571 799 oblationes
594 767 752 798 canonicis
775 767 911 806 aliisque
933 767 1012 798 viris
1034 766 1078 797 ad
1099 766 1247 797 dicionem
1271 774 1361 796 suam
1374 764 1604 804 pertinentibus
1618 763 1817 795 eoeliibendae.

166 823 266 861 Alter,
296 833 365 854 cum
387 823 472 854 adsit
500 824 535 854 in
561 832 595 854 eo
617 832 727 854 nomen
750 821 897 853 Heinrici
919 821 1040 853 comitis
1068 821 1104 852 de
1130 821 1303 854 Wartstein
1326 820 1468 852 canonici
1492 819 1740 858 Ratisbonensis,
1763 820 1820 860 qui

167 888 252 909 anno
281 880 366 909 1318
392 878 532 910 nondum
562 880 703 908 mortuus
731 879 799 908 erat
822 876 895 918 (cfr.
920 876 1010 909 Mon.
1037 877 1138 908 Boica
1165 877 1237 914 302,
1257 877 1323 916 81),
1357 875 1549 906 desideretur
1580 877 1682 906 autem
1709 885 1820 907 nomen

167 933 294 965 Nicolai
315 934 448 973 episcopi
476 943 561 965 anno
589 934 673 964 1340
702 932 857 974 defuncti,
887 933 974 964 intra
1003 942 1104 963 annos
1127 933 1211 963 1318
1234 933 1261 962 et
1284 932 1368 961 1340
1397 931 1532 969 scriptus
1558 931 1599 961 sit
1625 939 1744 961 necesse
1767 933 1820 968 est,

162 989 277 1028 paucis
299 989 411 1020 exinde
433 990 522 1020 novis
543 989 625 1020 notis
641 987 760 1020 saeculo
778 988 876 1021 XIV.
900 988 1027 1019 insertis
1049 987 1202 1019 adauctus
1217 987 1356 1026 idemque
1370 986 1550 1017 nominibus
1571 995 1684 1024 eorum,
1708 985 1821 1025 quibus

169 1044 340 1076 oblationes
362 1045 552 1083 deberentur,
575 1044 800 1083 domorumque,
824 1054 903 1083 quae
926 1053 978 1075 eas
998 1043 1148 1081 deberent,
1170 1043 1270 1074 erasis
1290 1042 1489 1081 aliquantum
1508 1041 1683 1073 mutilatus.
1724 1041 1821 1073 Hunc

169 1100 202 1131 A
225 1110 304 1132 voco.

272 1156 372 1194 Alter,
396 1156 451 1196 qui
474 1155 551 1186 milii
573 1154 606 1186 B
629 1155 728 1192 audit,
746 1156 819 1195 post
841 1164 962 1185 annum
984 1154 1105 1195 13:101)
1128 1164 1166 1185 ex
1188 1154 1230 1191 A,
1259 1153 1310 1184 cui
1339 1153 1465 1184 interim
1491 1152 1705 1191 supplementa
1728 1153 1821 1184 illata

169 1213 268 1249 erant,
298 1212 344 1242 ita
366 1221 432 1242 una
459 1211 624 1249 eademque
652 1219 750 1240 manu
778 1211 916 1250 (praeter
938 1219 1049 1241 nomen
1074 1209 1256 1240 additicium
1279 1208 1404 1240 Alberti
1430 1208 1563 1248 episcopi
1580 1207 1822 1239 Ratisbonensis

168 1276 253 1297 anno
276 1267 360 1297 1421
382 1267 511 1306 mortui)
543 1266 688 1297 continuo
720 1267 822 1296 tenore
845 1265 1016 1304 descriptus
1042 1267 1099 1302 est,
1128 1266 1163 1296 ut
1189 1267 1281 1295 notae
1310 1274 1348 1295 ex
1377 1264 1409 1295 A
1431 1264 1560 1295 haustae
1585 1263 1685 1305 falsis
1712 1263 1821 1295 diebus

168 1331 259 1361 saepe
280 1323 518 1361 apponerentur.

272 1377 327 1408 Ex
348 1379 478 1417 utroque
500 1377 578 1408 libro
586 1376 613 1417 2)
637 1386 689 1407 eas
705 1377 827 1406 tantum
850 1376 1019 1407 oblationes
1039 1375 1220 1416 repetendas
1243 1384 1305 1406 esse
1327 1375 1414 1413 duxi,
1438 1386 1518 1414 quae
1540 1375 1583 1406 ad
1597 1375 1821 1407 anniversaria

170 1433 209 1464 ab
238 1432 365 1465 ecclesia
389 1432 613 1464 Ratisbonensi
635 1431 819 1462 celebranda
852 1431 1046 1470 spectabant;
1080 1433 1195 1462 ceteras
1224 1441 1262 1462 ex
1288 1431 1364 1462 aliis
1391 1430 1515 1461 iuribus
1544 1433 1628 1462 ortas
1657 1431 1820 1470 praeterii.

174 1489 292 1521 Contra
321 1489 356 1519 in
382 1487 636 1519 adnotationibus
665 1487 740 1518 meis
771 1486 828 1517 sub
856 1487 944 1527 simio
970 1486 997 1518 G
1021 1489 1111 1517 notas
1137 1485 1290 1525 quasdam
1311 1486 1524 1526 yenealoyicas
1547 1485 1654 1524 attuli,
1681 1496 1760 1525 quae
1786 1487 1822 1517 in

169 1544 201 1575 A
224 1546 252 1575 ct
273 1543 307 1575 B
329 1545 457 1575 exeunte
479 1543 601 1574 saeculo
625 1542 723 1575 XVI.
747 1542 928 1573 subiunctac
951 1544 1034 1574 sunt.

273 1599 373 1630 Notas
401 1598 513 1630 codicis
539 1598 572 1629 A
601 1608 697 1629 manu
721 1598 829 1638 prima
857 1598 991 1637 scriptas
1027 1597 1127 1628 literis
1156 1597 1344 1634 minoribus,
1378 1597 1624 1628 continuationes
1658 1607 1766 1628 earum
1794 1598 1823 1628 et

170 1657 260 1686 notas
282 1655 317 1685 'in
348 1654 447 1686 codiee
469 1653 502 1685 B
532 1654 653 1685 saeculo
675 1653 770 1684 XIV.
800 1653 935 1692 scriptas
962 1653 1063 1684 literis
1093 1652 1266 1684 minoribus
1295 1653 1385 1684 uncis
1414 1652 1558 1690 inclusis,
1586 1662 1695 1683 nomen
1723 1662 1823 1683 unum

170 1711 205 1741 in
227 1710 260 1741 B
283 1710 403 1741 saeculo
428 1709 502 1740 XV.
526 1709 668 1740 additum
690 1709 789 1740 literis
812 1708 944 1740 cursivis
966 1709 1126 1749 insi-cynici.

857 1856 938 1891 IAN
942 1856 1133 1892 UARIUS.

228 1923 273 1949 IV.
288 1932 351 1949 non.
404 1922 428 1948 2.
481 1922 616 1956 Magister
634 1921 715 1955 Hugo
734 1921 786 1952 ob.,
807 1931 830 1947 V.
851 1922 910 1954 e.³):
931 1921 964 1947 de
984 1921 1064 1947 domo
1083 1930 1133 1947 sua
1154 1922 1165 1947 1
1182 1921 1218 1949 11),
1239 1929 1291 1953 que
1310 1929 1383 1946 nune
1403 1920 1525 1954 pertinet
1544 1921 1579 1946 ad
1598 1921 1797 1954 decanatum.⁴)

227 1966 275 1992 ΙΙΙ.
289 1975 351 1992 non.
405 1966 428 1992 3.
482 1965 540 1998 He)
559 1965 617 1990 (lec.
637 1974 675 1990 nr.
696 1964 787 1990 dietus
807 1964 905 1990 Sem-an
925 1964 977 1995 ob.,
998 1973 1021 1989 v.
1043 1973 1078 1994 c.;
1098 1964 1131 1990 de
1152 1963 1255 1997 prediis
1274 1963 1303 1989 in
1323 1963 1507 1997 Weigendorf
1521 1963 1536 1989 2
1549 1964 1574 1989 ‘ib
1598 1963 1687 1989 minus
1707 1963 1739 1990 10
1752 1965 1776 1998 ὦ.

239 2009 273 2035 ΙΙ.
287 2017 349 2035 non.
404 2009 427 2035 4.
482 2008 540 2039 ΗΡ)
561 2016 628 2034 com.
649 2008 682 2034 de
696 2007 851 2034 Wartstein
871 2008 955 2033 confr.
974 2016 1014 2033 nr.
1034 2007 1086 2039 ob.,
1106 2016 1130 2032 V.
1150 2015 1185 2037 c.;
1206 2006 1239 2033 de
1259 2006 1365 2032 Chamb
1387 2007 1450 2033 111).

286 2060 348 2078 non.
402 2052 425 2077 5.
480 2050 608 2077 Alhaidis
629 2059 714 2077 coma.
734 2051 767 2076 de
787 2050 1015 2076 Frantenhausen
1035 2050 1086 2081 ob.,
1108 2059 1131 2075 v.
1146 2058 1183 2079 c.;
1203 2049 1236 2076 de
1255 2049 1374 2076 ecelesia
1392 2048 1421 2075 iu
1440 2049 1565 2076 Altheim
1586 2050 1598 2076 1
1614 2050 1651 2076 U).

200 2095 274 2121 VIII.
288 2095 323 2121 id.
405 2095 428 2121 6.
483 2093 631 2121 Gerdrudis
650 2102 718 2120 uxor
736 2093 832 2119 Karoli
853 2093 1007 2120 Chratzarii
1027 2093 1078 2124 ob.,
1100 2102 1123 2118 V.
1144 2102 1179 2123 c.;
1199 2093 1232 2119 de
1253 2092 1359 2118 Chamb
1381 2093 1443 2119 l‘tb.

213 2138 272 2164 VII.
288 2138 324 2164 id.
405 2138 428 2164 7.
482 2137 636 2171 Elyzabeth
655 2136 896 2163 Schbnleiterinna
915 2136 968 2167 ob.,
988 2145 1012 2162 v.
1033 2145 1070 2167 c.;
1090 2136 1123 2161 de
1138 2135 1335 2162 Witelehoven
1356 2136 1367 2161 1
1383 2137 1420 2167 w,
1441 2135 1552 2162 chol-ale
1566 2156 1570 2161 .
1586 2156 1611 2161 ..

224 2181 271 2209 VI.
285 2181 323 2207 id.
404 2181 427 2207 8.
481 2180 636 2207 Dieterieus
656 2180 830 2213 Paungarter
839 2181 858 2211 ⁶)
885 2180 968 2205 confr.
990 2188 1029 2205 nr.
1049 2179 1181 2212 subdyac.
1201 2178 1258 2209 ob.,
1279 2187 1303 2204 ν.
1324 2187 1358 2209 c.;
1383 2178 1416 2204 de
1437 2178 1557 2211 quadam
1576 2178 1669 2204 insula
1689 2179 1753 2210 lssx,
1774 2179 1824 2206 dat

591 2224 624 2248 s.⁶

242 2265 274 2292 V.
288 2266 324 2292 id.
403 2266 427 2292 9.
481 2232 589 2292 Chmtjlg
614 2227 782 2291 1³)fafeh0veu
808 2265 890 2291 confr.
916 2274 955 2290 nr.
980 2265 1058 2298 (lyae.
1085 2265 1137 2296 ob.,
1163 2274 1187 2290 v.
1207 2273 1245 2293 c.;
1273 2264 1306 2291 de
1320 2263 1516 2290 KVitelchoven
1544 2265 1556 2289 1
1575 2265 1613 2292 «11),
1637 2264 1748 2292 chorale
1776 2285 1782 2291 .
1797 2286 1802 2291 .
1817 2285 1824 2291 .

532 2308 744 2335 Anniversarius
763 2308 874 2339 Ahaerii,
895 2317 918 2334 V.
934 2316 968 2339 c.;
989 2308 1022 2333 de
1041 2307 1162 2341 Metting
1170 2308 1194 2339 b)
1216 2308 1227 2333 1
1243 2308 1280 2338 11),
1302 2307 1413 2334 chorale
1432 2307 1592 2333 Ahaimaerii
1613 2309 1641 2333 et
1660 2307 1787 2333 Veslarii.

227 2352 272 2378 IV.
286 2353 322 2378 id.
388 2353 428 2379 10.
482 2352 582 2378 Haimo
602 2352 677 2377 Inter
695 2350 809 2377 Latinos
829 2351 880 2381 ob.,
901 2360 925 2377 v.
946 2360 981 2382 c.;
1001 2351 1034 2376 de
1054 2350 1205 2384 Mettingb)
1226 2351 1278 2377 Mb
1302 2350 1413 2376 chorale
1432 2349 1593 2375 Ahaimaerii
1613 2351 1641 2375 et
1659 2349 1788 2376 Veslarii.

277 2508 300 2539 ὃ)
320 2507 356 2531 B:
375 2508 439 2532 Hur.
546 2507 569 2539 b)
590 2507 624 2531 B:
644 2508 764 2539 Metziug.

280 2559 300 2589 ¹)
316 2557 417 2583 Nomen
429 2557 458 2583 N
460 2557 536 2583 icolai
550 2557 662 2590 episcopi
674 2557 875 2582 Ratis-bonensis
888 2557 936 2582 lice
948 2564 1020 2582 anno
1034 2557 1133 2583 mortui
1146 2557 1175 2582 in
1185 2556 1213 2582 B
1225 2565 1308 2582 manu
1317 2557 1408 2589 prima
1420 2556 1546 2588 scriptum
1561 2558 1605 2581 cst.
1678 2556 1698 2587 ²)
1712 2555 1825 2581 Nullius

175 2600 298 2625 momenti
321 2603 356 2626 est
381 2600 445 2626 liber
462 2600 616 2626 chartaceus
637 2600 882 2625 minii-ersariorum
901 2599 982 2625 huius
1009 2600 1131 2625 ecelesiae
1156 2599 1259 2625 sacculo
1279 2599 1374 2624 XVII
1396 2599 1519 2631 scriptus,
1545 2606 1607 2623 nam
1635 2600 1712 2623 notae
1739 2598 1769 2623 in
1795 2606 1825 2623 eo

175 2650 273 2673 omnes,
294 2651 363 2675 quae
380 2642 485 2675 quidem
509 2642 545 2668 ad
568 2642 684 2668 medium
702 2650 793 2668 aei-um
811 2645 943 2676 spectant,
971 2646 1089 2675 sumptae
1112 2646 1175 2668 sunt
1199 2650 1211 2668 e
1234 2642 1367 2668 codicibus
1387 2642 1411 2667 A
1431 2644 1455 2667 ct
1474 2642 1506 2667 Β.
1543 2641 1636 2666 Etiam
1653 2641 1694 2666 liic
1711 2641 1774 2666 liber
1793 2642 1824 2666 in

174 2686 306 2711 tabulario
319 2686 444 2718 praefato
466 2694 540 2711 nunc
562 2688 739 2711 conservatur.
861 2687 880 2718 ³)
900 2686 980 2711 Hanc
1003 2686 1045 2711 liic
1069 2694 1148 2718 saepe
1173 2686 1263 2711 lectam
1285 2685 1506 2711 abbreviationem
1532 2684 1647 2718 vigiliae
1672 2685 1824 2710 cantantur

175 2728 311 2762 legendam
330 2737 395 2760 esse,
418 2729 485 2761 folio
504 2729 592 2761 primo
617 2728 676 2754 libri
698 2729 946 2754 anniversariorum
974 2729 1060 2762 ipsius
1085 2729 1213 2754 librarius
1238 2728 1335 2754 saeculi
1356 2727 1437 2753 XVI.
1465 2727 1572 2752 notavit.
1680 2728 1700 2759 ⁴)
1721 2727 1761 2752 B:
1790 2727 1823 2754 de

176 2772 255 2798 domo
275 2771 379 2798 decani.
496 2774 515 2804 Β>
535 2771 573 2797 Β.’
599 2771 631 2798 (le
653 2772 836 2805 Paungarten.
955 2774 974 2804 ⁶)
995 2772 1033 2798 B:
1062 2772 1095 2798 de
1114 2771 1206 2798 insula
1229 2771 1256 2797 in
1270 2771 1366 2797 Wierd
1388 2771 1451 2796 Ml.

279 2825 357 2848 NECR.
371 2826 447 2849 Bmx.
461 2825 533 2848 Fms.
546 2826 611 2849 ΕΔΤ.
1583 2821 1615 2847 31
