2085 2999
291 163 397 190 LIBER
417 162 658 190 OBLATIONUM
678 162 722 189 ET
743 162 959 189 ASSIGNATIO
979 162 1225 189 ANNIVERSAR.
1245 162 1402 189 MONAST.
1423 163 1723 191 TEGERNSEENSIS.
1775 168 1831 197 165

215 417 288 444 VIII.
302 419 358 446 kal.

227 987 287 1014 Vll.
302 988 356 1014 kal.

237 1144 286 1171 111.
300 1144 355 1171 kal.

216 1394 290 1420 VIII.
305 1395 341 1421 id.

243 1481 286 1507 VI.
301 1483 337 1508 id.

213 1533 286 1560 XVI.
301 1535 354 1560 kal.

243 1585 288 1611 XI.
302 1586 357 1612 kal.

252 1948 284 1974 X.
299 1948 354 1974 kal.

227 2153 286 2179 Vll.
301 2154 356 2180 kal.

240 2462 286 2488 Vl.
300 2462 355 2489 kal.
400 2468 404 2475 ·

403 421 444 447 24.

401 990 441 1016 25.

400 1146 441 1172 29.

403 1483 441 1509 10.

402 1536 441 1561 17.

402 1588 442 1612 22.

399 1949 440 1974 23.

401 2155 441 2181 26.

546 261 581 288 ut
615 259 646 288 in
679 268 758 289 cena
788 258 959 299 unicuique
991 257 1124 288 fratrum
1159 261 1254 299 potus
1288 259 1415 299 integer
1448 259 1511 289 vini
1542 259 1592 290 vel
1623 260 1768 291 medonis
1801 263 1833 291 et

547 320 665 341 cuneus
690 321 761 341 cum
793 309 975 340 intercalari
1004 311 1037 340 et
1066 310 1097 340 in
1125 320 1218 340 mane
1243 310 1374 350 plenum
1398 311 1561 342 servitium
1586 322 1657 342 cum
1683 312 1831 343 elemosi-

547 372 658 393 narum
681 362 850 403 largitione
875 372 931 402 pro
956 361 1099 392 remedio
1125 362 1229 393 anime
1254 372 1310 392 sue
1334 361 1552 394 indubitanter
1576 364 1767 394 conferatur.

489 413 710 453 Mehthildis1)
735 413 774 444 de
798 413 958 454 Eglingen
982 413 1044 453 ob.‚
1068 424 1157 444 soror
1181 413 1300 444 domini
1325 413 1509 445 Gotsehalci
1534 414 1573 445 de
1591 415 1832 456 W'i(lei·sperch,

547 476 608 506 que
634 466 768 496 eontulit
790 465 882 496 nobis
907 466 1027 496 curiam
1051 466 1081 496 in
1105 465 1346 505 Hattenhosen,
1370 468 1404 496 ut
1420 467 1590 497 conventui
1614 478 1670 508 pro
1688 466 1831 498 remedio

547 517 653 548 anime
677 527 733 548 sue
757 517 789 548 in
812 517 873 548 hoc
906 516 957 548 die
982 517 1033 548 vel
1062 518 1093 548 in
1117 518 1219 548 altero
1252 517 1368 549 exinde
1397 518 1593 549 ministretur
1616 529 1686 549 cum
1712 519 1832 550 elemo-

547 569 687 599 sinarum
718 569 898 610 largitione.
949 568 1052 611 [Anno
1083 569 1202 600 domini
1236 571 1315 600 1324
1350 570 1402 611 pie
1436 571 1591 601 memorie
1620 570 1832 612 Marquardus

546 620 620 651 abb.
645 620 712 661 ob.‚
745 621 798 662 qui
826 631 882 661 pro
914 620 1056 652 remedio
1087 621 1192 652 anime
1228 631 1283 652 sue
1308 622 1495 662 conparavit
1524 622 1616 653 nobis
1647 623 1767 653 curiam
1792 622 1833 654 ad

546 672 708 713 oblegium
732 673 763 702 in
787 672 922 713 Willing
945 683 1002 713 pro
1028 674 1066 703 50
1088 677 1108 702 Η]
1129 672 1385 713 Monacensium,
1409 676 1444 704 ut
1467 674 1717 705 anniversarium
1741 685 1832 705 suum

546 727 720 765 peragatur
747 724 931 763 missarum,
959 724 1138 765 vigiliarum
1173 724 1395 756 celebracione
1432 728 1464 756 et
1494 726 1740 757 elemosinarum
1770 726 1832 757 lar-

545 776 670 817 gicione
696 777 726 806 in
744 779 945 817 perpetuum,
969 779 1004 806 ut
1020 776 1111 807 nobis
1129 776 1226 807 etiam
1250 777 1290 807 ab
1308 776 1473 818 oblegario
1498 778 1529 808 in
1550 777 1609 808 hac
1634 778 1685 809 die
1703 778 1833 819 plenum

546 827 714 858 servicium
740 827 846 861 detur:
873 827 1034 858 edificavit
1057 827 1214 869 capellam
1239 827 1280 858 ad
1305 828 1425 860 Omnes
1443 828 1577 860 Sanctos
1601 830 1834 870 perpetualiter

547 882 580 910 et
603 879 734 910 cottidie
760 879 895 910 dicendo
917 880 1046 911 missam
1071 879 1101 910 in
1125 880 1194 920 ipsa
1218 883 1250 911 et
1266 880 1395 911 missam
1419 881 1461 912 ad
1484 884 1627 912 sanctam
1644 881 1833 914 Katerinam

546 931 646 962 semel
669 932 701 962 in
726 931 864 962 ebdoma
888 931 1049 972 dicendo]

487 983 707 1014 Hartmannus
736 983 822 1024 pleb.
854 983 893 1014 de
917 983 1024 1014 Pfiten
1047 984 1113 1023 ob.‚
1147 985 1200 1025 qui
1234 984 1372 1015 redemit
1404 985 1495 1015 nobis
1528 985 1647 1017 hubam
1679 997 1774 1017 unam
1802 987 1833 1016 in

545 1035 696 1074 Piburch,
720 1038 756 1066 ut
779 1036 809 1066 in
832 1035 893 1066 hoe
918 1035 969 1066 die
994 1036 1163 1066 conventui
1187 1047 1244 1077 pro
1262 1036 1405 1067 remedio
1423 1037 1528 1068 anime
1553 1048 1608 1068 sue
1633 1048 1651 1068 a
1670 1039 1832 1079 preposito

544 1087 639 1127 plene
664 1087 859 1118 ministretur
883 1090 915 1118 et
938 1088 1133 1128 pauperibus
1158 1087 1283 1118 modius
1308 1088 1401 1129 siguli
1426 1091 1586 1130 erogetur.

487 1136 588 1180 [Bone
616 1139 770 1170 memorie
799 1139 909 1180 Agnes
936 1143 1096 1177 matrona,
1128 1151 1188 1170 sor.
1217 1151 1302 1178 nra.‚
1335 1140 1374 1171 de
1404 1140 1623 1171 Holienbureh
1662 1142 1739 1172 1183
1769 1141 1831 1181 ob.‚

547 1201 608 1232 que
634 1190 723 1221 dedit
747 1191 893 1232 predium
919 1202 1010 1222 suum
1035 1192 1066 1221 in
1090 1191 1231 1232 planitiis
1255 1194 1288 1222 et
1312 1192 1473 1233 egerdach
1497 1193 1528 1223 in
1552 1192 1786 1235 Mi‘ilisiligen.*]

922 1323 1082 1359 MAIUS.

492 1397 673 1423 Perchtoldns
688 1397 813 1428 Vellslos,
833 1397 880 1430 qni
900 1406 949 1431 pro
969 1397 1088 1423 remedio
1107 1397 1197 1423 anime
1218 1406 1264 1423 sne
1284 1399 1312 1423 et
1325 1398 1416 1423 uxoris
1435 1407 1481 1424 sue
1497 1399 1615 1425 contulit
1634 1399 1714 1425 nobis
1728 1399 1831 1425 curiam

546 1439 573 1465 in
594 1440 818 1474 Obernhiiching.

488 1483 628 1509 Conradus
647 1483 727 1509 miles
746 1483 779 1509 de
799 1482 941 1515 Geyffling,
961 1482 1008 1516 qui
1028 1482 1146 1509 tradidit
1165 1483 1244 1509 nobis
1264 1482 1367 1509 hubam
1387 1493 1464 1509 suam
1484 1484 1511 1510 in
1530 1485 1727 1511 Hochenstain.

488 1518 655 1558 Odalrieus
679 1527 752 1557 abb.
778 1527 828 1558 ob.
853 1528 942 1557 istius
966 1527 1149 1557 monasterii
1175 1530 1207 1557 et
1231 1526 1338 1557 Sancti
1362 1527 1602 1559 Emmerammi.

488 1579 547 1610 Pie
572 1580 603 1609 in
628 1579 754 1610 Christo
779 1579 934 1610 memorie
959 1579 1145 1620 Rudpcrtus
1169 1579 1242 1609 abb.
1267 1589 1349 1609 anno
1378 1581 1457 1610 1186
1482 1580 1545 1620 ob„
1570 1581 1600 1611 in
1617 1581 1706 1611 cuius
1730 1582 1833 1622 prima

546 1631 654 1672 vigilia
682 1632 852 1672 unicuique
886 1631 1019 1662 fratrum
1049 1632 1174 1672 integra
1202 1642 1351 1662 mensura
1375 1632 1438 1662 vini
1468 1635 1501 1662 ct
1523 1633 1614 1673 panis
1638 1644 1709 1663 cum
1734 1634 1831 1664 inter-

544 1683 640 1714 calari
671 1686 703 1714 et
731 1684 761 1714 in
790 1683 841 1714 dic
872 1683 1001 1724 plenum
1035 1683 1199 1714 servitium
1235 1693 1254 1713 a
1284 1683 1450 1714 cellerario
1483 1694 1553 1715 cum
1585 1685 1831 1715 elemosinarum

545 1735 714 1775 largitione
750 1735 971 1776 sollempniter
1006 1735 1178 1765 exhibetur
1212 1734 1251 1765 de
1286 1735 1469 1766 molendino
1508 1736 1539 1766 in
1574 1735 1689 1767 Tfiffen
1725 1740 1757 1767 ct
1791 1737 1831 1767 de

545 1786 657 1827 predio
688 1787 719 1817 in
743 1787 872 1821 Runnc:
904 1787 955 1817 hie
986 1787 1038 1827 pie
1068 1786 1297 1817 recordationis
1328 1790 1420 1827 pater
1452 1788 1542 1818 auxit
1572 1788 1770 1829 prebendam
1801 1789 1832 1819 in

544 1838 629 1868 victu
654 1840 686 1869 et
710 1838 841 1878 vestitu,
874 1841 908 1868 ut
938 1849 976 1869 eo
1008 1837 1155 1869 devotius
1178 1837 1293 1868 fratres
1316 1838 1367 1868 hic
1393 1838 1453 1869 deo
1478 1839 1510 1869 in
1534 1842 1725 1880 perpetuum
1750 1839 1831 1870 mili-

545 1892 649 1920 tantes
674 1901 730 1931 pro
756 1890 896 1931 peccatis
921 1891 985 1921 suis
1008 1890 1172 1921 humiliter
1195 1890 1256 1920 deo
1281 1890 1528 1931 supplicarent*

488 1940 690 1982 [Chfinradus
714 1941 805 1972 miles
829 1941 868 1972 de
887 1932 1055 1972 IIfhovern
1080 1941 1141 1981 ob,
1167 1942 1219 1982 qui
1237 1942 1510 1973 consentientibus
1533 1942 1604 1973 filiis
1621 1943 1694 1979 suis,
1721 1943 1831 1974 Wich-

543 1993 648 2023 nando
673 1993 824 2024 videlicet
855 1996 886 2024 et
918 1993 1085 2034 Lybardo,
1115 1993 1247 2023 tradidit
1277 1993 1368 2024 nobis
1392 1994 1511 2024 curiam
1536 1995 1566 2024 in
1590 1994 1767 2036 Ainlfinge,
1798 1998 1833 2025 ut

543 2045 574 2074 in
611 2045 671 2075 hoc
710 2044 761 2075 die
797 2055 816 2075 a
853 2045 1029 2076 camerario
1066 2045 1229 2075 servitium
1267 2046 1435 2076 conventui
1475 2056 1546 2076 cum
1586 2046 1831 2077 elemosinarum

544 2096 713 2137 largitione
738 2107 795 2137 pro
819 2096 963 2127 remedio
988 2097 1093 2127 anime
1118 2107 1174 2127 sue
1199 2096 1421 2139 persolvatuiu]

487 2147 640 2187 Albe1-02)
658 2147 725 2178 (lec.
743 2147 805 2188 ob.‚
830 2159 888 2189 pcr
904 2159 999 2189 quem
1020 2148 1177 2179 habemus
1195 2159 1351 2179 consensu
1367 2149 1493 2180 abbatis
1510 2149 1687 2190 Manigoldi
1712 2150 1831 2181 curiam

543 2199 573 2228 in
590 2198 788 2240 Niwertinge
814 2202 846 2230 et
861 2199 980 2230 hubam
1005 2200 1037 2229 in
1053 2198 1248 2239 IIarthbsen,
1272 2203 1307 2230 ut
1330 2200 1371 2230 ab
1392 2200 1440 2230 his
1464 2211 1482 2231 a
1499 2202 1662 2241 preposito
1682 2201 1832 2232 fratribus

544 2250 675 2290 plenum
706 2251 869 2281 servitium
899 2251 1053 2292 largiatur
1088 2254 1120 2282 ct
1152 2251 1348 2292 pauperibus
1382 2252 1506 2283 modius
1542 2253 1635 2294 siguli
1671 2257 1830 2294 erogetur.

543 2301 723 2343 {Hainricus
758 2302 842 2343 pleb.
876 2303 907 2333 in
938 2303 1108 2333 Gmunden
1137 2303 1172 2334 fr.
1197 2314 1225 2334 n.
1252 2303 1319 2341 ob.,
1355 2314 1373 2334 a
1409 2315 1471 2345 quo
1504 2304 1661 2335 habemus
1685 2305 1831 2345 predium

544 2353 698 2384 Werzons
714 2354 746 2384 in
758 2354 973 2385 Vinsterwald
991 2365 1030 2385 ex
1048 2365 1203 2386 consensu
1221 2358 1253 2386 et
1269 2355 1439 2386 collatione
1457 2356 1617 2387 fratruelis
1634 2357 1681 2387 sui
1695 2357 1831 2397 Alberti,

544 2407 579 2434 ut
602 2405 769 2436 amborum
793 2407 1027 2437 anniversarius
1051 2406 1247 2448 peragatur]

487 2455 718 2497 [Chunigundis
746 2468 828 2488 uxor
855 2458 974 2489 domini
1004 2458 1193 2489 Maenhardi
1224 2459 1333 2489 militis
1357 2459 1396 2489 de
1422 2458 1566 2500 Gcislign
1591 2459 1653 2499 ob.7
1677 2460 1718 2491 ad
1743 2461 1830 2491 cuius

544 2509 723 2540 remedium
749 2509 910 2549 (ecclesie)
944 2513 1050 2541 nostre
1079 2511 1174 2541 cessit
1203 2511 1350 2551 predium
1382 2511 1543 2552 quoddam
1572 2512 1666 2542 situm
1692 2512 1723 2542 in
1746 2512 1830 2552 Bait,

545 2561 633 2591 cuius
658 2561 760 2601 predii
785 2561 846 2592 due
872 2564 979 2602 partes
1003 2565 1084 2602 sunt,
1110 2562 1242 2592 dimidia
1264 2561 1361 2603 hfiba,
1386 2566 1421 2593 ut
1444 2563 1474 2593 in
1498 2563 1559 2594 hoc
1583 2563 1655 2594 die.
1673 2588 1678 2594 .
1694 2562 1744 2605 .³)]

290 2730 309 2761 l)
330 2729 404 2755 Haec
424 2733 486 2756 nota
507 2731 535 2756 in
558 2732 613 2757 Ass.
632 2740 697 2758 ann.
725 2733 778 2758 iam
801 2732 838 2758 ad
864 2733 983 2766 18.1S'‹*pt.
1007 2733 1142 2766 adscripta
1161 2737 1206 2759 est.
1322 2736 1341 2765 ²)
1360 2735 1470 2760 Saeculo
1491 2734 1555 2760 XV.
1576 2737 1686 2760 eoeennte
1704 2735 1830 2761 additum

185 2773 222 2797 est
240 2772 270 2796 in
288 2773 428 2807 nzaryine:
449 2773 522 2800 circa
543 2775 617 2802 1194.
725 2777 745 2809 ³)
764 2777 823 2802 Ass.
843 2785 908 2804 arnfn.
928 2778 997 2803 Ιιαηε
1015 2780 1104 2804 notam
1124 2777 1159 2803 ad
1178 2782 1215 2804 10.
1231 2777 1303 2803 Maii
1320 2778 1431 2812 scripsit.
