2085 2999
592 173 698 199 LIBER
717 171 1076 198 ANNIVERSARIORUM
1095 169 1455 198 UNDENSDORFENSIS.
1788 172 1846 201 199

222 268 368 295 X111.ka1.
413 268 454 295 20.
510 266 672 293 Chuni-acius
690 265 770 291 miles
795 265 886 292 dictus
908 265 1050 299 Stumph*¹
1078 264 1166 292 Gfitta
1191 266 1283 296 uxor&
1305 264 1448 298 [habemus
1468 264 1501 290 de
1525 263 1646 297 quadam
1664 271 1752 297 parva
1771 263 1847 290 huba

558 309 564 313 ”
604 309 625 334 Ρ
673 318 691 334 n
781 310 803 333 ,Γ

248 354 294 380 XI.
308 354 364 380 kal.
410 353 452 379 22.
507 308 953 384 Οοῐΐῆᾶυθεῄἳ.Ρεῗθςὶὲῑὲεῃὶιοῐθυῆ
974 350 1118 383 [habemus
1137 349 1266 384 predium
1284 349 1313 375 in
1332 349 1468 380 Kolbach,
1487 348 1572 374 solvit
1593 348 1644 374 lu
1662 347 1697 380 effi.

265 397 297 424 X.
310 397 366 423 kal.
411 395 453 422 23.
507 394 690 421 Perchtoldus
709 394 727 418 l.
747 394 837 419 dietus
856 393 999 424 Endleich,
1020 393 1163 426 [habemus
1183 393 1216 418 de
1235 392 1332 426 predio
1352 391 1380 417 in
1399 390 1635 424 PadersshausenJ.

247 440 294 466 VI.
308 439 364 466 kal.
409 438 450 464 27.
503 437 652 466 Dorothea,
671 436 850 467 Elisabeth2),
869 436 902 462 de
921 435 978 461 illis
996 436 1084 462 nichil
1104 436 1247 461 habemus.

248 483 294 509 IV.
308 481 365 508 kal.
410 482 452 508 29.
506 478 670 507 Chfinradus
690 479 861 512 Eysenhofer
870 480 898 510 3),
919 478 996 505 dedit
1015 479 1118 505 curiam
1138 478 1166 504 in
1184 477 1357 512 Sittenpach.

861 601 1179 638 FEBRUARIUS.

312 685 377 703 non.
431 677 456 702 5.
510 675 605 701 Hamis
623 674 854 708 Eysolczrieder¹)
874 674 916 705 l.*,
938 674 1081 708 [habemus
1101 674 1205 700 curia-m
1224 675 1253 700 in
1271 673 1464 707 Meozenried].

225 721 300 746 VIII.
315 719 354 746 id.
435 719 459 744 6.
513 718 689 745 Eberhardus
709 718 788 744 miles
808 717 841 744 de
859 717 1057 751 Eyaeuhofeffl,
1076 717 1154 743 dedit
1173 717 1278 743 curiam
1296 716 1465 750 superiorem
1484 716 1514 742 in
1533 715 1726 750 Hffirgenpach.

242 763 303 789 VII.
316 762 353 789 id.
433 763 456 788 7.
510 761 661 795 [Dorothee
681 760 787 795 Lengin
807 761 840 787 de
860 762 987 794 Augusta
1005 762 1033 787 et
1053 760 1196 793 parentele
1215 759 1313 789 tocius,
1333 759 1410 786 dedit
1429 759 1610 793 peccuniam]

267 806 300 832 V.
314 806 352 832 id.
431 806 456 832 9.
511 804 674 831 chunradus
692 804 786 830 Sartor
806 803 1004 837 prebendarius
1023 804 1122 834 noster,
1144 803 1288 836 [habemus
1307 802 1341 828 de
1360 802 1437 828 curia
1456 801 1483 828 in
1502 801 1718 834 Randoltzriedl.

257 849 303 876 IV.
318 849 353 875 id.
418 849 458 875 10.
511 845 655 874 Diemfidis
675 847 707 873 de
726 846 948 873 Messenhawsen
961 847 1004 879 ¹¹)⁵⁶,
1025 845 1169 879 [habemus
1189 845 1292 872 hubam
1312 845 1340 870 in
1359 844 1549 878 Egenhoffen].

315 891 351 918 id.
416 892 456 918 13.
510 890 657 917 Ludwieus
681 890 714 916 de
738 889 830 923 Espan
841 891 874 921 ⁶),
901 889 1035 915 habemus
1054 888 1255 915 lechenschafft
1281 890 1308 914 et
1327 890 1439 922 pratum
1458 888 1558 921 Espan.
1595 887 1718 913 Andreas
1737 887 1797 921 pbr.
1817 887 1850 913 de

557 931 808 961 Rfimeltzhausen.
829 931 907 958 dedit
925 931 1068 966 preposito
1088 931 1169 958 Petro
1197 931 1339 965 cingulum
1363 932 1536 964 argenteum,
1564 932 1662 964 postea
1688 929 1790 956 furtive
1810 931 1851 955 est

559 977 694 1003 ablatum.

239 1021 300 1047 XII.
314 1021 370 1047 kal.
418 1021 457 1047 18.
511 1019 657 1045 Elisabeth
676 1018 822 1049 Ebraniwz
843 1017 929 1052 [dedit
949 1017 1054 1043 curiam
1074 1017 1103 1042 in
1122 1017 1278 1050 Grafing].⁷)

240 1064 301 1090 VII.
317 1063 373 1090 kal.
418 1063 459 1090 23.
514 1062 650 1088 Iohannes
669 1061 845 1094 Weychser*,
865 1060 1009 1094 [habemus
1028 1060 1056 1085 in
1076 1059 1147 1086 Glan
1167 1060 1199 1086 de
1218 1059 1338 1093 quodam
1358 1068 1444 1093 parvo
1464 1058 1603 1092 predio].³)

267 1107 300 1133 V.
314 1107 372 1132 kal.
418 1107 459 1132 25.
514 1104 661 1131 Hainricus
680 1103 759 1129 miles
779 1103 812 1129 de
831 1103 1030 1137 Eyseuhofen*,
1059 1103 1202 1136 [habemus
1222 1102 1324 1129 molani
1344 1102 1372 1128 in
1391 1101 1567 1135 Grundingen,
1593 1109 1646 1134 que
1673 1108 1781 1127 annexa
1809 1101 1850 1125 est

559 1147 633 1173 curie
653 1146 774 1180 ibidem].

257 1192 303 1219 IV.
315 1192 370 1219 kal.
416 1191 458 1218 26.
511 1190 614 1217 Paulus
634 1190 694 1224 pbr.
713 1189 745 1215 de
765 1189 1028 1216 Hebreehtzhausen
1038 1192 1065 1222 ⁰),
1092 1189 1167 1216 dedit
1192 1189 1331 1222 quoddam
1358 1189 1470 1215 feudum
1497 1188 1524 1214 in
1549 1188 1645 1214 Glan*
1682 1185 1845 1214 Chfinradus

559 1233 639 1259 miles
659 1231 944 1264 Clamenstainer10)*,
964 1232 1042 1258 dedit
1061 1231 1196 1258 decimam
1216 1231 1244 1257 in
1263 1232 1416 1265 Pernpach,
1436 1231 1521 1258 solvit
1541 1232 1554 1258 1
1569 1233 1593 1258 cu.
1610 1232 1670 1265 (32¹)

249 1279 297 1305 III.
311 1278 367 1304 kal.
412 1278 454 1304 27.
508 1277 635 1303 Elizabet
650 1275 851 1309 Eysenhoferin
871 1275 903 1302 de
924 1275 1161 1305 Otteltzhausen*‚
1181 1275 1314 1300 habemus
1334 1275 1438 1301 hubam
1457 1274 1485 1300 in
1505 1273 1701 1301 Eckenhoffen.

262 1322 296 1347 Il.
310 1321 365 1347 kal.
411 1321 453 1347 28.
507 1321 577 1347 Item
596 1318 733 1353 Stephani
752 1317 854 1344 militis
874 1318 907 1345 de
927 1318 1125 1352 Gumpenperg
1152 1320 1180 1344 et
1207 1318 1353 1351 parentum
1379 1326 1484 1344 necnon
1504 1317 1626 1343 omnium
1644 1319 1850 1343 antecessorum

559 1371 670 1389 suorum
689 1361 776 1387 etiam
795 1361 912 1387 facimus
930 1360 1091 1388 memoriam
1110 1360 1249 1387 dominica
1268 1360 1297 1386 in
1317 1360 1478 1394 angariam)

912 1484 1139 1519 MARTIUS.

310 1561 366 1587 kal.
430 1561 452 1586 1.
506 1559 660 1586 Fridericus
677 1559 888 1586 Miissenhauser
906 1558 938 1585 de
953 1558 1082 1592 szsiug*‚
1102 1555 1265 1592 VValpfirgis
1283 1559 1373 1588 uxor*‚
1393 1557 1526 1583 habemus
1546 1557 1573 1582 in
1595 1556 1851 1590 Pippinnisried.¹³)

253 1605 299 1630 IV.
313 1613 376 1630 non.
428 1605 453 1630 4.
507 1603 574 1630 Otto
594 1603 745 1637 palatinus,
766 1603 898 1629 fundator
919 1602 1002 1628 huius
1021 1602 1161 1629 ecclesie*
1173 1603 1205 1635 Η)

312 1656 374 1674 non.
429 1647 451 1672 7.
507 1647 596 1681 [Anno
616 1646 719 1672 domini
741 1646 806 1673 1485
825 1645 927 1672 nobilis
947 1645 1087 1676 dominus,
1108 1645 1175 1671 baro
1202 1646 1229 1671 et
1249 1644 1328 1670 miles
1348 1642 1482 1668 Nicolaus
1501 1641 1664 1675 Abensperg
1683 1640 1788 1667 occisus
1808 1642 1850 1667 est
1882 1649 1886 1653 ’

558 1689 587 1715 in
606 1689 649 1716 die
669 1690 807 1723 Perpetue
827 1691 854 1714 et
874 1687 1048 1721 Felicitatis]

223 1734 297 1760 VIII.
311 1733 347 1760 id.
430 1733 454 1759 8.
508 1732 588 1759 Pauli
608 1733 684 1766 Leng
703 1732 771 1758 civis
790 1731 981 1766 Augustensis,
1001 1730 1079 1757 dedit
1098 1729 1254 1764 pecuniam.

253 1777 300 1803 III.
315 1776 351 1802 id.
413 1776 454 1802 13.
508 1775 681 1802 Hermannus
704 1775 966 1808 Dachspergerffi),
995 1774 1071 1800 dedit
1098 1773 1237 1799 redditum
1264 1772 1296 1798 de
1328 1772 1449 1805 quadam
1476 1771 1552 1797 huba
1575 1770 1604 1796 in
1630 1769 1851 1803 Pettenpacli.¹‘³)

560 1817 723 1845 Chfinradus
743 1818 862 1849 Resch*,
881 1817 952 1843 nihil
971 1817 1005 1843 de
1025 1825 1057 1843 eo
1077 1817 1226 1846 habemus,
1252 1815 1299 1841 sed
1323 1815 1350 1840 in
1374 1813 1572 1841 reformacione
1599 1813 1676 1839 dedit
1702 1812 1851 1846 unicuique

558 1862 674 1887 fratrum
693 1870 848 1887 mensuram
868 1860 934 1886 vini.

238 1905 299 1931 XII.
313 1905 369 1931 kal.
414 1905 456 1930 21.
510 1903 653 1930 Gotfridus
672 1904 752 1930 miles
772 1904 805 1929 de
824 1903 1023 1932 Hertzhausen,
1043 1902 1120 1928 dedit
1140 1903 1230 1928 totum
1249 1910 1327 1927 suum
1348 1899 1498 1926 dominium
1518 1899 1545 1925 in
1565 1898 1762 1925 Hertzhausen.

266 1948 299 1974 X.
313 1948 369 1974 kal.
414 1948 456 1973 23.
513 1946 659 1973 Hainricus
679 1948 771 1973 textor
785 1947 818 1972 de
832 1946 975 1977 Obemmt,
990 1944 1154 1971 Adelliaidis
1169 1953 1244 1974 uxor,
1265 1944 1408 1977 [habemus
1423 1943 1455 1969 de
1470 1942 1565 1976 predio
1579 1941 1714 1975 superiori
1727 1941 1851 1975 ibidem}

254 1991 300 2017 IV.
314 1991 370 2017 kal.
415 1990 456 2016 29.
510 1989 650 2016 Fridricus
669 1990 701 2015 de
721 1989 934 2022 Eysenhofen¹⁷)
952 1989 995 2019 if,
1018 1988 1161 2021 [habemus
1181 1987 1287 2013 curiam
1308 1987 1504 2012 Diczishausen
1524 1985 1594 2011 alias
1613 1984 1748 2018 Ryeden}

249 2034 368 2060 HLkal.
414 2033 455 2059 30.
510 2032 685 2059 Venerabilis
711 2031 817 2058 domini
840 2031 952 2058 Nicolai
977 2031 1009 2057 de
1029 2030 1241 2064 Gnmpenperg,
1270 2029 1405 2063 prepositi
1434 2027 1629 2063 Frisingensis‚
1656 2027 1724 2052 feria
1751 2028 1851 2059 quarta

561 2077 624 2109 post
644 2075 715 2101 diem
736 2075 902 2105 Palmarum,
922 2074 1011 2108 [dedit
1028 2074 1062 2100 24
1075 2075 1099 2099 lt
1115 2073 1186 2107 1)].¹⁸)

304 2239 322 2271 ¹)
344 2237 376 2263 0.-
403 2238 435 2264 de
462 2237 540 2264 huba
568 2237 688 2270 quadam
714 2236 742 2262 in
764 2237 923 2263 Petenbach
949 2237 1026 2263 dicta
1044 2236 1210 2270 Wolffpaiss.
1231 2251 1263 2255 —
1290 2235 1365 2261 Haec
1384 2237 1449 2260 uota
1467 2234 1497 2259 in
1518 2233 1540 2259 Ο
1555 2233 1638 2259 deleta
1656 2235 1703 2265 est,
1723 2233 1779 2258 loeo
1797 2232 1853 2258 eius

198 2281 361 2313 adm-{ptum
379 2281 506 2314 leyimus:
526 2280 626 2306 falsum
647 2282 696 2311 est,
716 2280 779 2306 vide
798 2280 917 2311 literam.
937 2283 1062 2313 emptum
1082 2282 1124 2306 est
1143 2280 1178 2306 ab
1198 2288 1238 2306 eo.
1329 2281 1348 2310 ²)
1369 2278 1395 2304 B
1409 2280 1432 2303 et
1448 2277 1469 2303 C
1484 2285 1528 2302 eas
1547 2276 1684 2309 Stuinpfin
1703 2275 1851 2301 nominant.

201 2326 220 2356 ὃ)
238 2323 260 2350 G
271 2325 364 2356 (manu
371 2324 459 2356 paulo
473 2323 614 2349 recentiori
626 2323 809 2356 inscriptum:
829 2322 992 2349 Chunradus
1006 2322 1192 2356 Eysenhoffer,
1206 2321 1386 2356 Margaretha
1400 2329 1467 2346 uxor
1482 2319 1549 2346 eius.
1621 2320 1641 2349 ⁴)
1664 2318 1695 2344 0:
1715 2318 1851 2345 Iohannes

199 2366 407 2400 Eysolezrieder
426 2366 459 2392 de
481 2366 620 2392 Tannarn.
711 2368 730 2397 ⁵)
753 2365 784 2392 C:
803 2366 953 2399 Dyemudis
967 2366 1002 2392 la.
1021 2366 1054 2392 de
1068 2366 1293 2392 Massenhausen.
1382 2366 1403 2397 θ)
1426 2363 1459 2390 G.-
1478 2362 1624 2389 Ludwicus
1636 2362 1655 2387 1.
1668 2362 1701 2388 de
1716 2361 1851 2395 Espawm.

200 2411 221 2440 ⁷)
250 2409 282 2435 C:
306 2409 376 2435 Item
395 2409 472 2435 dedit
490 2408 614 2434 Erhardo
633 2417 728 2442 pposo.
749 2409 782 2435 40
802 2408 903 2442 Ungar.
924 2408 1034 2442 guldin.
1054 2417 1104 2442 pro
1123 2408 1224 2441 quibus
1243 2407 1316 2434 idem
1336 2415 1413 2440 ppos.
1433 2406 1501 2432 emit
1519 2405 1659 2439 quoddam
1678 2404 1805 2438 predium
1824 2403 1852 2428 in

199 2451 389 2479 Perchhoffen.
498 2453 518 2485 Β)
541 2452 563 2477 C
578 2451 668 2477 addit:
692 2451 798 2478 occisus
825 2451 853 2477 in
879 2451 1032 2477 hastiludio
1059 2452 1133 2477 1:395.
1241 2453 1260 2482 ²³)
1287 2450 1321 2476 C:
1347 2449 1562 2476 Ebertzhausen.
1670 2449 1701 2479 ¹⁰)
1725 2447 1747 2472 G
1762 2446 1852 2472 addit:

200 2495 274 2528 quod
293 2495 378 2521 situm
397 2496 439 2521 est
459 2503 521 2521 cum
540 2495 610 2520 lacu.
720 2496 751 2526 ¹²)
773 2494 794 2520 G
810 2494 897 2520 addit:
916 2494 959 2520 ob.
979 2494 1055 2520 1398.
1164 2495 1196 2526 ¹²)
1219 2493 1250 2519 G:
1273 2493 1362 2519 tribus
1381 2491 1504 2526 angariis
1523 2491 1587 2517 anni
1606 2490 1767 2516 memoriam
1785 2489 1851 2516 faci-

200 2547 269 2564 mus.
306 2538 376 2564 Item
396 2538 523 2571 proxima
543 2537 683 2564 dominica
708 2538 772 2571 post
791 2537 906 2563 Martini
929 2537 1037 2571 agimus
1061 2536 1282 2564 anniversarium
1305 2535 1374 2562 dicti
1394 2534 1531 2569 Stephani
1553 2534 1652 2560 militis
1672 2542 1733 2560 cun]
1754 2533 1852 2567 vigilia

200 2583 228 2607 et
247 2581 343 2612 missa,
365 2581 413 2614 qui
432 2581 510 2607 dedit
528 2581 608 2607 nobis
627 2590 676 2614 pro
696 2580 823 2607 omnibus
841 2579 984 2606 laboribus
1003 2589 1087 2613 supra
1107 2579 1190 2606 dietis
1210 2579 1314 2606 curiam
1333 2587 1411 2604 suani
1430 2578 1457 2604 in
1477 2576 1629 2604 Staindorff
1645 2585 1706 2602 cum
1725 2576 1852 2602 omnibus

200 2623 306 2650 iuribus
325 2624 361 2650 ad
384 2632 445 2651 eam
464 2624 677 2658 pertinentibus,
794 2625 825 2656 ¹³)
847 2623 879 2649 G:
906 2623 1041 2649 habemus
1066 2624 1098 2649 de
1125 2623 1251 2649 omnibus
1273 2621 1333 2648 ist-is
1359 2620 1464 2647 curiam
1488 2620 1517 2647 in
1539 2619 1720 2654 Pipienssried
1747 2621 1775 2645 et
1799 2619 1852 2645 duo

200 2667 281 2694 seoda
311 2667 415 2695 ibidem
440 2669 468 2694 et
491 2668 625 2694 iudicium
645 2667 756 2698 ibidem⁷
777 2669 808 2693 ut
827 2668 908 2700 patet
927 2667 955 2692 in
973 2667 1057 2693 litera
1076 2666 1242 2692 donationis.
1350 2666 1382 2697 ¹⁴)
1409 2664 1497 2690 Index
1518 2663 1551 2690 Ο.-
1574 2663 1620 2689 hic
1645 2663 1771 2696 sepultus
1791 2670 1853 2688 cum

201 2718 248 2735 sex
273 2709 495 2744 consanguineis
607 2711 640 2744 ¹⁵)
671 2709 702 2735 C.-
727 2709 901 2736 Hermannus
927 2709 1126 2743 Daehsperger,
1155 2707 1265 2734 Unicus
1294 2707 1365 2733 filius
1390 2706 1476 2733 eius*.
1581 2707 1612 2737 ¹⁶)
1640 2705 1673 2731 C:
1700 2705 1728 2731 in
1757 2706 1852 2731 Peten-

200 2752 274 2785 pach
292 2752 371 2779 iuxta
395 2761 532 2786 campum.
641 2754 671 2782 ¹⁷)
696 2753 736 2778 E:
760 2752 939 2785 Eysenhoffer
964 2752 997 2778 de
1023 2751 1201 2785 Egenhoffen.
1311 2752 1341 2783 ιδ)
1364 2750 1395 2775 C:
1421 2750 1531 2778 2511&
1556 2758 1605 2783 pro
1631 2749 1731 2782 quibus
1757 2750 1853 2782 empta

202 2796 244 2821 est
262 2795 358 2822 domus
378 2796 473 2822 Hanns
493 2797 558 2822 Asm
577 2805 612 2822 an
632 2796 693 2822 dem
714 2796 840 2829 Espawm
860 2804 922 2821 cum
941 2797 1003 2821 ortu
1024 2795 1170 2821 adiacente
1190 2793 1289 2823 domui,
1310 2793 1393 2819 solvit
1413 2792 1558 2819 annuatim
1579 2793 1608 2825 ¹s2
1621 2793 1646 2818 ‹tt›
1660 2794 1683 2825 ὣ.
