2085 2999
231 143 289 171 160
336 139 442 166 LIBER
462 136 704 166 OBLATIONUM
724 138 769 164 ET
790 137 1006 165 ASSIGNATIO
1026 137 1272 165 ANNIVERSAR.
1292 138 1449 165 MONAST.
1469 136 1771 166 TEGERNSEENSIS.

280 243 327 268 III.
343 251 406 268 non.
460 242 484 268 3.
529 234 713 275 Perngerus
737 233 810 264 abb.
836 233 887 264 ob.
905 243 987 264 anno
1016 235 1109 270 1012;
1135 244 1153 264 a
1170 233 1334 274 preposito
1358 234 1502 265 colliride
1520 233 1644 275 dantur,
1669 235 1878 266 elemosinam

587 287 715 327 require
750 285 903 326 Gozperti
927 285 1084 316 abbatis*
1130 284 1314 328 [Irmgardis
1345 297 1428 317 uxor
1455 286 1584 317 Bawari
1607 286 1672 325 ob,
1703 297 1764 327 que
1789 286 1879 317 dedit

585 338 677 369 nobis
701 337 822 368 hubam
846 347 942 378 super
965 336 1051 368 Tr..
1070 362 1075 368 .
1101 340 1136 367 ut
1159 337 1310 368 fratribus
1328 362 1422 369 .....
1447 339 1644 368 ministretur
1667 348 1739 368 cum
1756 338 1877 369 elemo-

587 390 654 420 sine
678 387 871 430 largitione]

295 450 407 475 ILnon.
460 451 485 475 4.
532 440 735 482 [Chfinradus
768 440 870 471 dictus
905 439 1162 481 Sweittertinger
1194 440 1263 471 dec.
1301 440 1340 472 de
1370 440 1643 472 WVolfratshausin
1679 441 1730 472 ob.
1769 442 1805 472 fr.
1836 453 1877 481 n.,

586 493 640 534 qui
673 492 765 523 nobis
790 492 949 523 ordinavit
971 495 1079 522 nostro
1104 492 1254 533 oblaegio
1279 493 1399 523 curiam
1422 493 1454 523 in
1477 493 1707 534 Ismaening1),
1730 496 1765 523 ut
1788 493 1877 524 anni-

585 544 744 574 versarius
778 554 853 574 suus
887 546 1062 584 peragatur
1097 544 1266 574 missarum
1305 547 1337 574 et
1370 544 1551 585 vigiliarum
1591 544 1808 575 celebratione
1846 548 1879 575 et

588 596 835 626 elemosinarum
859 594 1054 636 largitione]

337 664 398 681 non.
453 656 477 681 5,
523 646 705 688 Ellingerus
729 647 803 678 abb.
829 647 891 687 ob.,
916 657 934 677 a
957 646 1122 687 preposito
1147 646 1306 687 colliride,
1337 658 1356 678 a
1385 648 1538 688 magistro
1563 651 1654 688 porte
1681 650 1697 678 7
1722 657 1822 688 panes
1846 650 1878 678 et

588 702 606 730 6
631 699 718 729 casei
741 698 968 739 pauperibus*

280 757 326 784 VI,
342 758 378 783 id.
459 758 482 784 6,
529 740 666 793 [lerieus
691 750 870 780 Trunculus
894 749 934 780 de
958 749 1085 780 Rotach
1110 749 1146 780 fr.
1171 760 1200 780 n.
1226 748 1308 791 ob.·⁴··]

292 809 373 836 V,id‚
453 810 476 835 7.
523 800 594 843 [Pie
625 802 863 833 recordacionis
894 800 1066 832 Lfidwicus
1101 801 1175 832 abb.
1212 802 1302 831 istius
1333 803 1519 833 monasterii
1555 802 1605 833 ob.
1642 814 1724 834 anno
1756 803 1877 835 domini

589 855 684 893 1286,
716 854 769 894 qui
797 853 984 894 conparavit
1013 853 1143 883 domum
1177 852 1339 894 Frisinge,
1368 853 1453 884 unde
1484 854 1575 884 nobis
1606 855 1636 884 in
1665 858 1760 886 nocte
1792 858 1824 886 et
1847 856 1877 886 in

582 916 675 936 mane
693 905 831 946 pleniter
847 905 1004 936 serviatur
1021 908 1053 935 et
1069 904 1266 945 pauperibus
1282 904 1408 935 modius
1425 905 1519 946 siguli
1536 906 1722 936 tribuatur*
1746 906 1877 948 Gesta2)

582 961 709 998 patrum
733 956 964 987 venerabilium
995 960 1028 987 et
1061 967 1172 987 eorum
1203 967 1392 997 progressus
1424 957 1450 987 si
1483 958 1607 998 seriptis
1639 958 1818 989 inserantur
1846 961 1878 989 et

584 1012 749 1049 notentur,
782 1008 924 1039 uberiori
954 1009 1071 1039 noticie
1102 1009 1401 1049 superveniencium
1424 1008 1558 1049 proficit.
1604 1008 1683 1040 Ideo
1707 1020 1747 1040 ne
1771 1009 1876 1040 subito

582 1061 613 1091 in
631 1060 826 1091 oblivionem
844 1063 1008 1091 transeant
1025 1060 1110 1091 facta
1127 1060 1179 1101 pie
1196 1060 1352 1091 memorie
1369 1060 1562 1091 venerabilis
1579 1060 1706 1091 abbatis
1722 1061 1876 1101 Ludwici,

584 1113 637 1153 qui
672 1112 712 1143 de
745 1113 844 1153 stirpe
876 1113 1028 1143 comitum
1060 1112 1100 1143 de
1125 1111 1313 1153 Graespach
1338 1112 1494 1153 originem
1527 1111 1618 1142 duxit
1647 1115 1679 1143 et
1703 1116 1751 1143 est
1773 1115 1876 1153 natus,

583 1165 613 1194 in
631 1164 791 1195 Schirensi
807 1165 1001 1195 monasterio
1024 1164 1170 1204 nutritus,
1194 1163 1401 1195 laudabiliter
1424 1167 1457 1194 et
1480 1164 1660 1204 instructus,
1684 1165 1715 1195 in
1731 1164 1876 1196 &Velien-

583 1220 694 1247 steven
724 1216 806 1246 infra
836 1218 875 1247 30
900 1227 1000 1247 annos
1032 1217 1127 1246 etatis
1159 1226 1215 1246 sue
1245 1216 1340 1257 longe
1373 1216 1668 1257 circumspectionis
1703 1227 1758 1247 sue
1793 1216 1876 1247 adeo

582 1268 642 1298 sibi
667 1268 742 1298 data
760 1269 863 1308 gratia
881 1268 1092 1298 communiter
1109 1268 1244 1298 ellectus
1269 1268 1375 1298 extitit
1398 1268 1429 1298 in
1446 1267 1598 1298 abbatem
1623 1271 1655 1299 et
1679 1268 1795 1299 deinde
1819 1279 1877 1309 per

584 1330 705 1360 paucos
740 1330 840 1350 annos
875 1319 1070 1350 monasterio
1106 1318 1267 1350 Schirensi
1307 1320 1337 1349 in
1373 1319 1525 1350 abbatem
1565 1320 1726 1360 prefectus
1762 1322 1810 1350 est
1844 1324 1877 1351 et

582 1375 764 1412 resumptus
786 1375 818 1402 et
836 1371 925 1402 laicis
942 1371 1063 1402 ibidem
1080 1371 1138 1401 sub
1157 1381 1195 1401 eo
1213 1371 1477 1412 pro'sl‘nerantibus
1495 1374 1526 1401 et
1543 1371 1665 1401 clericis
1682 1372 1875 1402 monasterio

580 1427 688 1454 nostro
706 1423 871 1464 Tegemse
896 1434 954 1464 per
972 1423 1168 1454 eleccionem
1193 1426 1266 1453 tunc
1290 1423 1454 1464 prefectus
1478 1426 1527 1453 est
1550 1423 1581 1453 in
1605 1423 1768 1463 abbatem,
1793 1423 1875 1454 duce

582 1474 733 1506 Lfidwico
758 1475 823 1505 filio
848 1475 936 1505 ducis
962 1475 1102 1515 Ottonis,
1134 1475 1333 1516 gubernante
1358 1478 1431 1505 tunc
1456 1474 1617 1514 ducatum,
1642 1479 1674 1506 et
1697 1475 1875 1506 venerabili

580 1528 732 1568 episcopo
759 1527 814 1558 Oh.
851 1527 1063 1568 XValdgravio
1088 1527 1141 1568 pio
1167 1530 1199 1558 et
1222 1538 1279 1568 per
1304 1527 1410 1557 omnia
1433 1530 1600 1558 mansueto
1626 1531 1658 1558 et
1682 1538 1753 1558 cum
1771 1528 1871 1558 omni-

581 1580 639 1609 bus
662 1579 843 1610 hominibus
868 1589 981 1620 pacem
1005 1579 1187 1617 affectante,
1216 1579 1454 1620 Frisingensem
1480 1580 1699 1620 episcopatum
1732 1583 1872 1619 tenente,

580 1632 620 1662 ad
656 1632 715 1663 hoc
750 1642 883 1672 operam
922 1631 1071 1662 dantibus
1106 1631 1317 1662 favorabilem
1353 1634 1385 1662 et
1418 1631 1608 1672 benignam,
1642 1632 1871 1662 monasterium

581 1687 722 1714 nostrum
741 1684 870 1720 intrans,
895 1694 913 1713 a
938 1683 1062 1713 clericis
1087 1682 1233 1713 omnibus
1258 1682 1481 1713 obedienciam
1505 1683 1662 1723 recipiens
1687 1686 1719 1713 et
1742 1693 1760 1713 a
1782 1683 1872 1714 laicis

580 1735 766 1776 homagium
792 1739 823 1765 et
847 1735 1048 1771 fidelitatem,
1074 1745 1135 1775 quo
1161 1734 1246 1765 facto
1272 1734 1406 1773 domini,
1438 1735 1491 1775 qni
1516 1734 1555 1765 de
1581 1738 1739 1765 conventu
1762 1745 1870 1766 curam

580 1792 654 1818 tune
688 1787 845 1828 gerebant
880 1787 1075 1826 officiorum,
1106 1797 1167 1817 non
1197 1786 1355 1817 habentes
1389 1786 1582 1825 creditores,
1617 1787 1670 1827 qni
1701 1788 1870 1817 conventui

581 1840 762 1869 necessaria
798 1838 1019 1879 providerent,
1062 1838 1168 1868 claves
1206 1849 1278 1868 cuni
1316 1837 1429 1868 officiis
1464 1839 1665 1879 resignarunt
1694 1839 1799 1869 animo
1828 1838 1869 1869 de

580 1891 691 1922 libenti
733 1895 765 1922 et
802 1894 981 1931 spontanea
1015 1890 1190 1921 voluntate.
1250 1890 1363 1931 Itaque
1396 1889 1455 1920 sibi
1486 1901 1683 1921 assummens
1712 1891 1869 1929 universa,

579 1943 807 1973 monasterium
839 1942 966 1973 Monnci
999 1943 1029 1972 in
1058 1943 1127 1982 ipsa
1160 1942 1229 1972 sola
1258 1942 1386 1972 civitate
1410 1942 1530 1972 invenit
1554 1942 1584 1971 in
1609 1944 1669 1971 500
1687 1946 1704 1971 ll
1723 1942 1741 1979 ιδ
1757 1940 1869 1971 Mona-

581 1995 721 2024 censium
748 1994 926 2034 obligatum
951 1998 1060 2034 preter
1088 1993 1198 2024 debita
1229 1996 1261 2023 et
1285 1993 1499 2034 obligationes
1530 1992 1670 2028 rurales,
1702 2003 1763 2033 que
1789 1992 1870 2023 forte

579 2047 662 2076 circa
681 2048 740 2075 300
759 2051 775 2075 u
798 2045 1056 2076 extendebantur
1074 2048 1105 2075 et
1122 2045 1189 2075 sinc
1207 2045 1289 2075 forte
1307 2045 1386 2085 (sie).
1414 2045 1536 2080 Quibus
1553 2045 1707 2075 exsolutis
1725 2044 1871 2075 omnibus

578 2098 747 2128 conventui
772 2099 824 2138 qui
850 2098 924 2128 lieet
949 2097 1008 2127 sibi
1032 2098 1173 2138 graviter
1197 2097 1394 2133 insultasset,
1420 2097 1493 2138 quia
1518 2096 1674 2137 benignus
1698 2096 1766 2134 fuit,
1791 2096 1870 2126 affa-

579 2149 666 2189 bilis,
695 2149 871 2180 tractabilis
900 2153 932 2179 et
959 2149 1126 2189 honestus,
1155 2149 1351 2190 diligebatur
1380 2148 1421 2179 ab
1446 2148 1591 2179 omnibus
1616 2148 1810 2189 principibus
1839 2151 1871 2178 et

579 2201 738 2231 nobilibus
777 2205 809 2232 et
843 2201 1000 2237 honesti&
1039 2200 1191 2240 vasaldis,
1227 2200 1424 2239 domesticis,
1460 2200 1638 2239 extraneis,
1675 2199 1870 2240 pauperibus

580 2256 612 2282 et
635 2252 816 2290 mendiciiS,
845 2253 1014 2283 conventui
1039 2251 1238 2293 prebendam
1262 2251 1429 2282 meliorem
1454 2252 1565 2281 statuit
1589 2254 1653 2281 tam
1678 2251 1707 2280 in
1733 2250 1869 2289 cibariis,

576 2314 669 2344 quam
706 2304 737 2333 in
772 2307 864 2344 potu,
897 2304 1042 2344 Frisinge
1079 2303 1208 2334 domum
1244 2304 1429 2344 conparavit
1463 2303 1493 2332 in
1528 2302 1612 2343 pede
1642 2302 1758 2332 montis
1792 2305 1870 2342 aput

578 2355 728 2386 Sanctum
747 2355 921 2393 Audi-eam,
946 2355 998 2385 ubi
1018 2354 1189 2385 descensus
1214 2358 1261 2384 est
1285 2355 1315 2384 in
1333 2355 1504 2393 civitatem,
1530 2357 1562 2383 et
1585 2353 1672 2383 illam
1690 2355 1802 2393 postea
1824 2352 1866 2393 (a)

578 2407 706 2437 domino
742 2406 896 2437 Lfidwieo
931 2406 1206 2447 Puetelpechero,
1247 2407 1300 2447 qui
1338 2405 1467 2436 domum
1503 2405 1600 2435 ultam
1637 2405 1738 2434 tenuit
1772 2415 1868 2444 super

579 2459 733 2489 fossatum
765 2459 830 2489 sive
864 2468 960 2499 super
988 2458 1121 2497 vallem,
1147 2457 1252 2488 cidem
1276 2456 1429 2488 Lfidwieo
1455 2459 1531 2488 §stit
1558 2466 1654 2497 super
1682 2456 1767 2496 prius
1792 2466 1866 2486 eon-

578 2514 725 2551 paratum
750 2510 928 2551 hospicium
953 2513 1156 2550 superattens
1180 2510 1262 2549 (sic),
1287 2509 1483 2549 conparavit,
1509 2507 1624 2538 deinde
1649 2518 1686 2537 ac
1711 2508 1821 2537 enimit
1848 2517 1867 2537 a

579 2562 635 2592 Ch.
655 2562 819 2592 Chutzone
844 2562 874 2592 in
899 2562 1029 2592 Austria
1054 2564 1070 2591 4
1089 2561 1213 2592 modios
1238 2561 1333 2591 tritici
1358 2564 1390 2591 et
1415 2564 1551 2601 quatuor
1575 2568 1689 2599 porcos
1706 2559 1865 2598 meliores,

323 2725 341 2755 ¹)
362 2724 420 2749 Hoc
439 2733 534 2750 nomen
553 2724 666 2750 deletum
687 2728 732 2757 est,
753 2732 805 2758 pro
824 2733 852 2750 eo
871 2724 943 2751 Reut
965 2725 1104 2758 adscripsi!
1131 2732 1228 2750 „tanus
1252 2724 1388 2749 recentior.
1496 2724 1515 2755 ²)
1535 2722 1677 2755 Sequentia
1701 2730 1759 2747 una
1783 2730 1866 2748 manu

215 2767 317 2791 saeculo
338 2766 418 2793 XIV.
437 2768 546 2793 incunte
566 2769 593 2793 in
613 2769 731 2802 nncryine
749 2768 887 2800 adscripta
906 2771 975 2793 sunt.
