2085 2999
182 697 813 757 NECROLOGIUM
849 695 1258 754 ALTAHAE
1299 694 1836 753 SUPERIORIS.

288 840 317 870 1.
341 824 571 876 Ivecroloyium
593 836 775 868 monasterii
800 836 922 867 ordinis
944 845 968 868 s.
985 835 1150 867 Benedicti
1172 836 1208 866 in
1223 835 1346 866 Altalza
1361 834 1527 874 Super-iore
1542 833 1773 874 (Oberaltaich)
1797 834 1838 866 ab

186 894 316 927 Odilone
338 894 413 925 duce
442 892 669 923 Baioarioruin
695 892 817 923 saeculo
841 891 938 923 VIII.
962 891 1092 929 conditi,
1126 891 1165 921 ab
1195 890 1332 931 Unyaris
1359 890 1465 928 deleti,
1493 891 1576 921 circa
1605 899 1726 921 annum
1755 891 1839 920 1100

182 961 203 982 a
226 949 388 982 comitibus
411 948 448 979 de
470 948 579 988 Boyen
601 948 781 985 restaurati,
805 958 888 979 nunc
911 948 946 978 in
970 946 1147 979 bibliotheca
1180 946 1334 978 Caesarea
1363 946 1593 977 Vindoboncnsi
1623 945 1680 976 sub
1703 945 1840 977 codicum

183 1015 311 1037 numero
320 1005 406 1036 2132
417 1005 606 1035 asservatur.
632 1003 791 1044 Inceptum
804 1005 849 1034 est
862 1003 982 1034 saeculo
994 1002 1089 1042 XII.,
1104 1003 1318 1033 continuatum
1331 1001 1438 1032 multis
1453 1001 1598 1032 manibus
1609 1001 1730 1032 saeculo
1742 1000 1838 1032 XIV.

183 1071 279 1101 usque
302 1061 345 1092 ad
359 1070 479 1090 annum
496 1059 595 1096 134&
618 1058 710 1090 codex
732 1061 775 1090 cst
791 1059 1043 1090 incinbranaceus
1059 1059 1251 1097 continetque
1274 1058 1309 1088 in
1331 1057 1444 1088 eisdem
1462 1056 1556 1098 foliis
1577 1057 1671 1087 etiam
1686 1058 1840 1097 martyro-

185 1117 309 1158 loyiuni.
356 1115 535 1147 Permultac
558 1117 648 1145 notae
671 1115 835 1155 (inprimis
858 1115 892 1145 in
916 1114 1071 1145 mensibus
1093 1114 1266 1151 Ianuario,
1289 1113 1479 1149 Februario,
1504 1112 1635 1150 Illartio,
1660 1111 1838 1151 Decembri)

183 1182 274 1212 aeyre
293 1172 431 1213 ferimus
457 1171 540 1210 quod
567 1180 676 1201 erasae
698 1171 781 1201 sunt.
827 1170 895 1201 Hoc
925 1171 1145 1210 nccroloqiuin,
1175 1169 1257 1208 quod
1279 1169 1344 1200 iani
1366 1177 1451 1199 anno
1475 1169 1558 1198 1861
1582 1168 1631 1198 vir
1654 1167 1841 1199 reverendus

183 1226 244 1258 Dr.
264 1226 441 1257 Theodorus
462 1225 679 1262 Wiedemann,
707 1225 760 1256 sed
782 1225 887 1255 minus
910 1227 1053 1256 accurate
1077 1225 1175 1256 edidit
1197 1224 1332 1264 (Archiv
1351 1224 1413 1265 fur
1435 1223 1552 1255 Kunde
1574 1223 1841 1254 ‹isterreichisclier

187 1281 522 1321 Gescliichts-Quellen
544 1280 675 1318 XXVI,
698 1281 877 1317 313—54),
901 1279 978 1310 milii
1001 1281 1046 1311 cst
1068 1280 1108 1311 A.

288 1339 318 1370 2.
342 1338 533 1375 Excerptuni
561 1346 599 1367 cx
622 1336 652 1367 A
682 1337 725 1367 est
752 1336 958 1375 necroloqium
985 1346 1004 1366 a
1033 1345 1080 1366 ine
1108 1335 1141 1366 B
1163 1336 1311 1371 vocatum,
1342 1334 1423 1374 quod
1453 1334 1489 1364 in
1511 1333 1707 1374 marginibus
1729 1333 1841 1364 codicis

184 1393 387 1425 Monacensis
411 1393 463 1423 lat.
490 1393 573 1422 1043
609 1402 629 1422 a
662 1391 807 1422 Conrado
839 1390 986 1422 monacho
1020 1390 1189 1421 Altaliensi
1225 1400 1310 1420 anno
1345 1391 1429 1421 1342
1463 1389 1682 1429 viai-tyroloyio
1716 1389 1841 1420 cuidam

184 1449 326 1480 additum
353 1450 407 1480 cst.
465 1447 553 1487 Quod
582 1449 610 1478 ct
632 1447 749 1486 ipsum,
776 1448 811 1477 ut
843 1446 1012 1477 adauctum
1044 1448 1088 1476 est
1115 1446 1197 1476 notis
1226 1445 1345 1484 aliquot
1371 1456 1467 1485 usquc
1494 1445 1537 1476 ad
1564 1445 1720 1476 sacculum
1744 1444 1840 1476 XVI.

184 1515 205 1536 a
234 1503 377 1536 Conrado
403 1504 536 1542 aliisque
563 1502 722 1534 monachis
744 1502 916 1541 adspersis,
940 1502 985 1532 ita
1014 1501 1193 1532 mutilatum
1216 1503 1259 1532 cst
1282 1500 1495 1540 deficientibus
1517 1501 1561 1531 cis
1583 1500 1673 1537 notis,
1698 1510 1777 1539 quae
1799 1500 1843 1531 ad

185 1561 258 1592 Ian.
275 1563 293 1590 1
308 1579 345 1583 ——
361 1560 461 1591 Mart.
482 1560 525 1590 28
553 1561 581 1590 et
608 1558 687 1590 Nov.
703 1558 767 1588 2-
782 1558 823 1588 10
840 1558 1080 1597 pertinuerunt,
1115 1556 1280 1588 nonnullis
1308 1558 1474 1595 praeterea
1507 1556 1673 1587 recentiore
1709 1558 1840 1595 tempore

185 1617 296 1648 erasis.
342 1615 473 1647 Edituni
497 1617 541 1646 cst
564 1614 595 1646 B
619 1614 684 1645 iam
706 1623 791 1644 anno
816 1614 898 1644 1775
922 1613 957 1643 in
979 1612 1090 1650 „blora
1117 1612 1246 1644 Roicis“
1268 1612 1350 1649 XII,
1373 1612 1555 1643 278—302.
1599 1611 1666 1651 Eyo
1693 1614 1783 1642 notas
1808 1612 1840 1642 in

186 1673 217 1703 A
240 1672 361 1703 saeculo
383 1670 467 1703 XII.
493 1671 662 1709 inscriptas
685 1669 785 1700 literis
807 1668 988 1706 maioribus,
1012 1669 1141 1699 nomina
1158 1668 1279 1699 sacculo
1294 1667 1396 1699 XIII.
1419 1667 1531 1698 addila
1554 1667 1655 1698 literis
1670 1667 1841 1698 maioribus

186 1728 276 1758 uncis
300 1727 442 1762 inclusis,
475 1728 566 1757 notas
589 1725 709 1756 sacculo
731 1724 826 1756 XIV.
851 1725 886 1754 in
914 1724 1012 1755 codice
1035 1724 1066 1755 A
1095 1723 1230 1762 scriptas
1259 1725 1288 1754 ct
1314 1723 1443 1754 nomina
1469 1733 1489 1753 a
1520 1722 1664 1755 Conrado
1694 1723 1842 1753 monacho

186 1784 221 1814 in
244 1783 418 1822 nccroloyio
433 1782 466 1812 B
480 1791 564 1812 anno
590 1782 673 1811 1342
695 1781 812 1818 scripta
836 1780 937 1810 literis
959 1779 1133 1810 minoribus
1149 1779 1246 1809 latius
1263 1778 1430 1817 dispositis,
1454 1780 1544 1809 notas
1560 1778 1655 1808 eidem
1672 1778 1842 1818 necrologio

187 1839 309 1870 sacculo
331 1838 389 1869 XI
394 1837 427 1869 V.
445 1839 519 1876 post
542 1838 627 1867 1342
649 1838 677 1866 et
699 1836 819 1866 sacculo
845 1835 919 1866 XV.
950 1835 1076 1865 additas
1099 1835 1200 1865 literis
1227 1834 1401 1865 minoribus
1423 1834 1513 1864 uncis
1542 1834 1674 1865 inclusis
1696 1833 1840 1864 distiiwi.

187 1894 339 1925 Asterisci
361 1894 414 1924 ubi
437 1904 457 1924 a
480 1902 525 1923 me
546 1893 717 1931 poninitur,
745 1892 826 1922 scias
854 1892 998 1927 nomina,
1025 1890 1138 1930 quibus
1160 1891 1393 1930 praefiyuntur,
1422 1891 1536 1920 ornata
1558 1889 1604 1920 vel
1626 1889 1721 1920 rubro
1743 1889 1842 1920 colore

181 1950 269 1989 picta
294 1949 436 1980 inveniri.

876 2052 1151 2087 IANUARIUS.

302 2128 357 2154 kal,
423 2128 444 2154 1,
490 2118 701 2150 Wendelmc‘st
724 2129 764 2149 m.
791 2118 842 2149 ob.
882 2117 1112 2149 Eberhardus*
1137 2117 1210 2148 abb.
1235 2118 1268 2148 in
1290 2116 1477 2157 Prusening.

304 2189 366 2205 non.
420 2181 444 2205 5.
491 2171 642 2202 Liutkart
665 2170 684 2201 l.
710 2170 761 2201 ob.
804 2169 993 2212 [Wernerus
1017 2169 1036 2200 l.
1062 2169 1113 2200 ob.
1140 2195 1144 2200 .
1164 2194 1169 2200 .
1190 2196 1194 2200 .
1215 2195 1220 2200 .
1245 2169 1296 2200 hic
1322 2168 1412 2200 dedit
1434 2167 1526 2199 nobis
1551 2169 1590 2198 57
1605 2166 1687 2209 ttb.²)]

232 2231 292 2257 vn.
306 2231 342 2256 id.
423 2231 446 2257 7.
493 2222 605 2264 [Hugo
628 2222 648 2253 1.
674 2222 724 2253 ob.
751 2247 757 2253 .
776 2246 782 2252 .
802 2246 806 2252 .
824 2220 842 2263 .]
866 2231 955 2256 mater
974 2229 1071 2255 Wolfr.

230 2274 288 2300 XV.
302 2274 359 2300 kal.
407 2274 446 2300 18.
491 2273 664 2307 Mergardis*
683 2273 701 2298 l.

215 2326 291 2352 X1v.
305 2326 361 2352 kal.
408 2326 446 2351 19.
494 2316 626 2360 [Richilt
649 2317 688 2347 la.
715 2315 778 2357 ob.]

228 2369 288 2395 XII.
302 2369 358 2395 kal.
404 2369 444 2395 20.
491 2367 638 2401 Dyetricus
657 2367 674 2393 1.
695 2367 738 2393 ob.
758 2367 836 2393 miles
856 2367 946 2393 dietus
966 2367 1108 2400 Haybeeh,
1130 2366 1319 2392 vicedominus
1338 2365 1502 2399 Struwinge,
1523 2373 1593 2391 anno
1607 2363 1804 2390 domini1347.

862 2455 1180 2492 FEBRUARIUS.

301 2531 356 2557 kal.
421 2532 444 2556 1.
490 2522 687 2564 [Lud<wicus
712 2522 778 2552 dux
801 2522 961 2562 Bawarie)
987 2532 1069 2553 anno
1094 2521 1215 2552 domini
1242 2519 1346 2562 1294]

259 2573 292 2600 II.
306 2582 369 2600 non.
421 2574 445 2599 4.
491 2573 691 2607 Eberh(ardus)
713 2582 748 2599 m.
767 2582 791 2598 n.
812 2573 855 2599 ob.
876 2573 948 2607 pleb.
969 2581 1040 2599 anno
1059 2572 1164 2599 domini
1185 2571 1259 2598 1344.

242 2624 288 2650 VI.
302 2624 339 2651 id.
423 2625 446 2650 8.
493 2616 634 2647 Gerdrfit
658 2627 725 2647 eva.
752 2641 758 2647 .
778 2641 783 2647 .
802 2641 808 2646 .
827 2641 833 2646 .

422 2676 438 2702 9

259 2675 291 2702 V.
306 2676 343 2702 id.
441 2697 446 2702 .
491 2668 521 2699 R
539 2693 544 2699 .
564 2693 570 2698 .
589 2693 595 2699 .
620 2669 652 2698 in
674 2667 874 2698 Richinbaeh
898 2668 950 2708 pie
975 2668 1139 2698 memorie.

299 2805 316 2836 ¹)
338 2804 411 2830 Haec
428 2808 495 2831 nota
513 2813 569 2831 non
587 2805 625 2830 ad
654 2805 810 2831 TWrncrum
828 2807 941 2837 spectat;
960 2812 1056 2830 nomen
1073 2803 1210 2830 donatoris
1226 2809 1336 2835 prorsus
1356 2808 1463 2827 erasum
1481 2803 1524 2826 est.
