2085 2999
298 360 352 386 kal.
416 359 438 386 1.

236 512 282 539 IV.
295 521 359 539 non.
412 512 435 538 2.

235 659 286 684 ΙΙΙ.
300 666 362 684 non.
417 657 441 684 3.

249 846 282 872 ΙΙ.
296 855 357 872 non.
411 847 435 872 4.

293 1325 356 1342 non.
411 1317 434 1342 5.

210 1512 282 1539 VIII.
297 1512 332 1538 id.
412 1514 436 1540 6.

220 1753 280 1780 VII.
295 1754 331 1780 id.
412 1755 435 1781 7.

230 2088 276 2114 VI.
292 2088 328 2114 id.
409 2088 433 2115 8.

246 2293 279 2320 V.
294 2293 329 2319 id.
409 2294 424 2320 9

230 2438 275 2464 IV.
290 2438 326 2464 id.
391 2439 430 2465 10.

690 171 955 198 NECROLOGIUM
975 171 1321 198 UNDENSDORFENSE.
1775 175 1831 205 181

907 286 1109 321 APRILIS.

483 350 697 382 Elisabeht
721 361 770 381 ev.
796 362 866 382 sor.
890 362 966 382 nra.
1002 351 1198 382 Rfidolfus
1222 361 1272 382 ov.
1298 351 1342 382 fr.
1367 362 1415 382 nr.
1452 351 1699 382 Adelheidis
1724 352 1835 383 abba.

544 402 645 433 Gisila
670 402 688 432 l.
732 402 904 433 Hainrious
928 403 947 434 l.
989 403 1123 434 Pernolt
1146 403 1165 434 l.
1202 402 1364 433 Fridrious
1388 402 1406 433 l.
1442 402 1648 433 Pernhardus
1672 403 1691 433 l.
1726 403 1834 434 Willi-

544 453 634 484 birch
658 453 677 484 l.
723 461 809 494 [Petri
829 461 918 494 pposi.
938 461 973 487 ad
993 461 1018 488 S.
1038 461 1187 495 Georgium
1206 462 1331 495 Auguste
1352 461 1436 494 1478]

482 504 634 534 Iudintha
657 504 677 534 l.
721 503 804 534 Tfita
829 504 846 534 l.
892 504 1009 535 Chunr.
1033 504 1053 535 l.
1103 504 1284 546 Adelpreth
1308 504 1327 535 I.
1374 503 1507 544 Diepolt
1532 504 1551 535 l.
1599 503 1788 535 Chunradus
1812 505 1834 535 1.

540 555 713 603 {hinricus
736 555 755 586 l.
791 555 924 586 Diemflt
940 556 959 586 1.
997 555 1173 598 [Gotfridus
1191 566 1252 587 sac.
1283 555 1455 586 Hainricus
1472 555 1540 596 pbr.
1576 555 1735 586 Rfidolfus
1752 555 1833 597 pbr]

543 605 652 632 Ulricus
671 605 689 631 l.
709 605 752 631 ob.
773 605 1011 639 Sigmartshauser
1030 606 1064 632 de
1083 606 1276 633 Sikershoven.

487 649 715 680 Haertwious
739 648 816 690 pbr.
843 649 884 680 fr.
910 661 939 680 n.
975 649 1193 680 Voleradus
1210 660 1261 680 ov.
1280 649 1322 680 fr.
1340 661 1368 680 n.
1403 650 1525 680 Albero
1544 660 1632 690 ppos
1662 649 1796 691 Hazaga
1813 649 1832 680 l.

541 700 725 731 Fridericus
761 700 780 731 l.
833 700 1015 741 Reginhart
1048 701 1067 731 l.
1120 701 1279 742 Hilpureh
1314 700 1332 731 l.
1379 700 1551 731 I-Iainricus
1586 700 1604 731 l.
1656 690 1783 731 filricus
1813 701 1832 731 l.

545 751 731 785 [Eberhardus
746 751 880 785 Ungelter
898 751 930 778 de
942 751 1088 785 Wenngen
1109 752 1198 778 Ulme.
1228 751 1285 778 Ioh.
1305 752 1404 777 Gasser
1422 751 1574 783 licenciati,
1594 751 1721 785 magistri
1735 752 1834 778 Berch-

541 794 612 820 toldi
631 793 752 820 doctoris
773 794 917 826 medicine,
938 795 1106 820 confratrum
1127 795 1154 820 iu
1173 794 1328 821 Novacella
1348 803 1434 828 prope
1454 794 1593 825 Brixnam,
1615 795 1699 827 1480]

481 838 697 869 Hainricus
727 838 898 868 scolaris
929 838 971 868 fr.
1001 849 1050 869 nr.
1098 838 1315 868 Hainrious
1347 848 1397 868 ev.
1428 838 1471 870 fr.
1495 849 1544 868 nr.
1591 838 1762 869 Hainrious
1786 849 1832 879 pr.

542 889 693 920 Hartlieb
710 889 779 930 pbr.
809 889 882 920 Iuta
900 900 941 920 m.
976 890 1095 920 Alhaeit
1110 890 1129 920 l.
1160 889 1319 920 Maehthilt
1334 889 1354 919 l.
1388 889 1529 920 Gerdrut
1545 889 1563 920 l.
1592 889 1797 931 Manigoldus
1812 890 1832 920 l.

538 941 661 972 Pei-tha
684 940 704 971 1.
744 940 899 972 Adelliait
922 941 940 972 l.
986 941 1156 972 Heinricus
1180 941 1199 972 l.
1243 941 1397 972 Hainrich
1421 941 1441 972 l.
1482 941 1639 972 Hainrioh
1663 941 1681 972 l.
1722 941 1833 972 Hade-

540 992 630 1023 mfith
654 992 673 1023 l.
710 992 865 1023 Hainrich
890 992 909 1023 l.
956 992 1171 1034 [Gumpoldus
1195 1003 1258 1023 sac.
1290 993 1321 1023 in
1344 992 1604 1024 Raitenhaslach.
1651 992 1832 1023 Hainricus.

541 1043 723 1075 Bertoldus.
759 1043 963 1085 Reinpertus.
995 1044 1208 1075 Hermannus.
1240 1044 1404 1075 Albertus.
1439 1043 1574 1074 sifridus
1592 1043 1651 1085 ov.]
1688 1052 1834 1078 Haim-icus

539 1095 557 1120 l.
577 1095 609 1120 de
629 1095 760 1120 Heusren.
789 1094 936 1121 Hainricus
956 1094 1028 1120 filius
1049 1094 1209 1121 Gaemelich
1230 1095 1262 1120 de
1282 1095 1466 1128 Strasflnieh.)
1503 1094 1685 1120 Perchtoldus
1705 1095 1721 1120 l.
1742 1094 1834 1121 dietus

544 1138 641 1164 Ratolt
660 1137 703 1164 ob.
741 1137 899 1170 [Haiuricus
919 1137 994 1171 prior
1014 1137 1041 1163 in
1061 1138 1267 1164 Reiehenbaeh.
1308 1138 1446 1171 Perpetue
1470 1137 1599 1171 priorisse
1623 1137 1650 1163 in
1670 1137 1833 1164 Untzkoven

542 1181 616 1206 1433.
647 1183 726 1206 Anno
743 1180 837 1214 gracie
859 1181 923 1206 1437
943 1181 986 1207 ob.
1000 1180 1135 1215 Georgius
1149 1181 1265 1207 Pistoris
1284 1190 1343 1207 can.
1363 1190 1395 1207 ac
1410 1181 1537 1207 officialis
1550 1180 1665 1207 ecclesie
1680 1181 1834 1214 Augusteu-

543 1223 588 1253 sis,
608 1223 693 1249 confr.
713 1232 767 1253 1112,
792 1222 840 1256 qui
867 1223 945 1249 dedit
963 1223 1043 1249 nobis
1062 1223 1164 1249 librum
1187 1233 1207 1250 s.
1227 1223 1377 1258 Augustini
1403 1224 1436 1250 de
1460 1224 1577 1250 civitate
1596 1223 1641 1249 dei
1661 1223 1833 1256 impressum,

542 1265 619 1292 (euius
639 1266 731 1292 anima
751 1266 908 1299 requiescat
927 1266 955 1292 in
974 1266 1062 1300 paee]

480 1308 690 1350 Gerungus
714 1320 765 1340 ov.
792 1309 832 1340 fr.
850 1320 900 1340 nr.
948 1309 1067 1340 Selnan
1092 1320 1138 1340 ov.
1179 1309 1277 1341 Otilia
1301 1310 1319 1341 1.
1361 1309 1551 1341 Ohfinradus
1579 1310 1599 1343 l.
1639 1310 1789 1351 Irmigart
1812 1309 1831 1340 l.

541 1360 661 1391 Riohilt
684 1361 704 1391 l.
740 1360 895 1392 Hainrich
919 1361 938 1392 1.
980 1361 1136 1392 Hainrieh
1160 1361 1179 1392 l.
1222 1361 1294 1392 luta
1318 1361 1337 1392 1.
1385 1362 1510 1392 Ulrious
1534 1362 1553 1392 l.
1589 1361 1788 1392 Adelhaeidis
1812 1360 1831 1391 l.

540 1412 677 1442 Liukart
700 1412 720 1442 l.
764 1411 874 1442 Uli-ioh
898 1412 917 1443 1.
963 1412 1109 1443 Hei-man
1133 1412 1152 1443 l.
1197 1411 1381 1454 [Rudgerus
1415 1413 1455 1443 de
1486 1412 1623 1454 Sporta.]
1672 1420 1795 1454 [sophya
1815 1420 1833 1446 1,

541 1463 584 1488 ol).
605 1462 850 1496 Algetzhoverinn.
889 1463 1011 1489 Oswaldi
1032 1463 1121 1497 pposi.
1141 1463 1168 1489 in
1189 1463 1387 1497 Schleehclorf]

482 1506 646 1538 Adelhaeit
668 1518 709 1538 m.
749 1506 929 1538 Benedicta
953 1507 1047 1538 abba.
1084 1507 1247 1538 Adelhaeit
1271 1518 1316 1538 ov.
1352 1507 1558 1538 pernhardus
1575 1507 1594 1537 l.
1630 1506 1789 1537 Maehthilt
1812 1506 1831 1537 l.

538 1559 700 1590 Arnoldus
717 1559 736 1590 l.
769 1558 919 1590 Pertholt
934 1559 953 1590 l.
990 1559 1177 1589 Purhardus
1194 1559 1214 1590 l.
1248 1558 1437 1590 Chflnradus
1454 1558 1472 1589 l.
1504 1558 1658 1589 Liuohart
1675 1558 1693 1588 l.
1719 1557 1832 1600 [Hain-

540 1611 623 1641 I'lCUS
656 1610 814 1641 Laubellss
846 1610 882 1641 fl'·
907 1609 949 1652 n.]
995 1618 1154 1652 Margareta
1182 1626 1251 1643 uxor
1278 1617 1487 1651 Eysoltzriderii
1510 1618 1543 1644 de
1569 1618 1707 1643 Tamiram.
1744 1618 1832 1651 [Anno

537 1661 641 1687 domini
678 1662 742 1688 1493
771 1662 814 1688 ol).
844 1662 979 1687 Iohannes
1010 1661 1149 1695 Peiniger,
1182 1670 1257 1694 ppos,⁴
1284 1660 1311 1686 in
1337 1660 1404 1691 Ror,
1429 1663 1507 1687 sexta
1531 1660 1574 1686 die
1600 1660 1700 1686 niensis
1720 1660 1833 1694 Aprilis,

540 1713 593 1737 que
613 1704 667 1731 fuit·
688 1704 785 1737 vigilia
806 1704 919 1731 Pasohe.
940 1706 968 1729 et
987 1703 1056 1730 rexit
1078 1704 1157 1729 annis
1176 1704 1217 1734 3:38,
1237 1703 1325 1729 nostri
1344 1703 1505 1730 monasterii
1524 1703 1599 1737 prius
1619 1702 1775 1736 professus]

481 1747 691 1788 Oggozzus
716 1758 768 1778 cv.
800 1747 841 1778 fr.
866 1758 917 1778 nr.
964 1747 1187 1778 Benedicta
1225 1747 1417 1787 pallatina
1448 1747 1492 1777 de
1518 1746 1833 1788 &Vitlinspaoqu

539 1798 782 1830 Chunradus
808 1799 853 1830 de
879 1798 1050 1837 Sevene,
1079 1799 1145 1839 qui
1170 1798 1285 1829 dedit
1308 1799 1423 1829 nobis
1448 1801 1465 1829 6
1491 1809 1645 1829 marc-as
1669 1799 1831 1839 argenti.

542 1850 635 1891 Gepa
664 1861 705 1881 m.
752 1850 955 1881 Emehardus
984 1861 1030 1881 ov.
1078 1850 1171 1891 Gepa
1196 1850 1214 1880 1.
1258 1850 1414 1881 IIninrich
1439 1850 1458 1881 l.
1503 1849 1605 1880 Gisila
1635 1850 1654 1881 l.
1695 1849 1787 1890 Gepa
1811 1850 1831 1880 l.

540 1902 663 1933 Albel'O
688 1902 707 1932 l·
754 1910 903 1936 Hainricus
922 1909 940 1935 l.
960 1909 1051 1935 dictus
1071 1910 1264 1943 Dachsperger
1282 1910 1325 1936 ol).
1358 1910 1520 1935 Palmum-us
1545 1909 1561 1935 l.
1589 1909 1632 1936 ob.
1668 1908 1728 1942 [Ob.
1752 1909 1833 1935 Eber-

543 1952 645 1978 hardus
665 1952 728 1978 abb.
749 1952 776 1977 in
796 1952 1002 1985 Beyensteven,
1027 1952 1129 1978 (ludum
1156 1953 1279 1986 collapse
1306 1952 1484 1978 observande
1509 1952 1672 1978 refornmtor
1696 1953 1832 1981 strenuus,

543 1995 616 2020 1448.
653 1995 775 2020 Duorum
795 1995 999 2028 prepositorum
1020 1997 1047 2021 et
1067 1995 1188 2028 quinque
1214 1995 1436 2029 presbyterorum
1462 1995 1488 2020 in
1510 1995 1663 2028 Pollingen.
1700 1994 1833 2020 Friderici

539 2037 628 2071 pposi.
648 2037 676 2063 in
695 2037 836 2071 Weyarnn
858 2038 941 2071 1474.]

479 2080 731 2112 Eberhardus
765 2092 815 2112 ev.
854 2081 897 2112 fr.
932 2093 982 2112 nr.
1027 2081 1205 2122 Lifipoldus
1237 2081 1306 2122 pbr.
1355 2081 1476 2111 Pertha
1509 2092 1550 2111 m.
1606 2081 1759 2111 Liuohart
1790 2091 1831 2112 m.

1663 2122 1673 2130 ἢ

540 2132 698 2164 Gobolfus
722 2143 768 2164 ov.
812 2133 983 2164 Riohardis
1016 2143 1062 2164 cv.
1107 2133 1261 2163 Albertus
1296 2133 1314 2163 l.
1359 2132 1557 2163 Adelbertus
1587 2133 1607 2163 l.
1654 2133 1780 2163 Ulrious
1812 2132 1831 2163 l.

544 2183 683 2215 Gerhart
707 2184 725 2215 l.
761 2184 917 2215 Hainrich
934 2184 954 2215 l.
990 2184 1096 2215 Wezil
1111 2184 1129 2214 l.
1167 2184 1377 2225 [Haeinriohl.
1414 2183 1493 2214 Otto
1512 2184 1634 2214 occisus
1651 2184 1690 2215 de
1708 2183 1831 2215 Eusen-

544 2235 622 2277 hOf-]
660 2244 732 2270 Gesa
750 2242 872 2269 Aerbinn
892 2243 909 2269 1.
930 2243 973 2270 ob.
1002 2243 1150 2269 Hainrieus
1169 2243 1260 2269 dictus
1279 2243 1491 2277 Regenspurger
1510 2243 1527 2268 1.
1548 2243 1589 2269 ob.

429 2315 433 2320 ‚
481 2285 688 2318 Chfiradus
712 2298 763 2318 ov.
789 2287 829 2318 fr.
854 2298 906 2318 nr.
953 2287 1099 2318 Pertha
1123 2298 1163 2318 111.
1211 2287 1377 2328 Yrmigart
1401 2287 1419 2317 l.
1459 2286 1681 2328 [Aldelhaeidis
1706 2297 1751 2317 cv.
1770 2296 1830 2316 sor.

541 2338 622 2380 nra]
670 2344 832 2372 Chfinradus
846 2355 902 2380 eps.
916 2347 1032 2373 ecclesie
1046 2346 1237 2380 Frisingensis.
1267 2346 1357 2379 [Anna
1377 2347 1394 2372 1.
1415 2346 1491 2372 ‹lic-ta
1508 2346 1634 2371 Ridlerin
1654 2346 1686 2371 de
1705 2347 1832 2380 Angusta

541 2397 592 2415 sor.
612 2398 669 2415 nra.
691 2390 765 2415 1444.
802 2389 852 2415 Ol).
873 2389 1009 2415 Iohannes
1028 2389 1092 2415 abb.
1112 2389 1145 2414 de
1165 2389 1301 2423 IVinberg
1320 2389 1404 2415 confr.
1424 2389 1475 2422 urz]

476 2431 730 2472 Marquardus
765 2443 872 2473 ppos.
908 2432 952 2463 de
987 2432 1187 2462 Marbach.
1257 2432 1350 2462 Otto
1385 2443 1493 2473 ppos.
1530 2432 1576 2463 (le
1611 2432 1830 2463 Bernrieth.

537 2483 758 2514 Raehwinus
793 2494 842 2514 cv.
875 2484 915 2514 fr.
947 2495 999 2514 nr.
1040 2484 1228 2514 Waltherus
1262 2494 1307 2514 ov.
1355 2483 1520 2514 Goth-idus
1550 2484 1569 2514 l.
1615 2484 1780 2525 Yrmigstrt
1811 2484 1830 2514 l.

539 2535 711 2565 Hainrious
735 2535 754 2566 1.
798 2535 919 2566 Pei-tha
944 2536 962 2566 l.
1000 2535 1076 2566 Otto
1102 2535 1119 2566 l.
1156 2535 1307 2566 Mehthilt
1324 2535 1342 2566 l.
1380 2534 1485 2576 [Iueta
1509 2535 1527 2566 l.
1565 2534 1621 2566 Ch.
1640 2535 1708 2576 pbr.
1735 2539 1766 2566 et
1789 2546 1829 2566 m.

540 2587 571 2617 in
595 2586 760 2629 MUHSiOl']
802 2595 949 2621 Hainricus
968 2595 1082 2621 scolaris
1102 2595 1280 2628 Gekenpiunt
1300 2595 1342 2621 ol).
1371 2595 1523 2620 Haeinricns
1543 2595 1664 2620 subdiac.
1680 2595 1731 2620 ob..
1751 2604 1831 2621 verusv

543 2640 639 2670 pastor
670 2638 703 2663 de
732 2638 810 2663 Iortz.
860 2638 999 2664 Erhardus
1035 2639 1050 2663 l.
1079 2638 1170 2664 dictus
1200 2638 1325 2671 Giunpel.
1377 2638 1532 2671 [Ham-icus
1566 2637 1766 2671 Kamerberger
1797 2638 1830 2664 de

539 2680 660 2714 Giebing
679 2681 697 2706 I.
717 2680 770 2713 ob.]

284 2794 303 2826 ¹)
323 2793 383 2820 Hoc
401 2802 494 2820 nomen
516 2803 600 2820 manu
620 2796 720 2822 saeculi
742 2796 826 2822 XIII.
846 2795 994 2822 recentiore
1013 2798 1034 2821 6.
1055 2795 1120 2827 Apo:
1140 2795 1265 2821 'iteratum
1285 2798 1329 2821 est.
