2085 2999
248 241 280 267 X.
294 241 351 267 kal.

236 326 282 353 IX.
296 326 352 353 kal.

206 411 281 437 VIII.
295 412 351 438 kal.

231 454 278 480 IV.
292 454 349 481 kal.

247 643 281 669 II.
295 651 358 669 non.

294 737 358 755 non.

211 814 286 841 VIII.
300 813 336 840 id.

225 899 286 925 VII.
300 898 337 926 id.

238 984 285 1011 VI.
299 984 334 1010 id.

252 1114 284 1140 V.
299 1113 335 1140 id.

235 1157 282 1183 IV.
296 1156 333 1183 id.

193 1200 279 1226 XVII.
294 1200 348 1226 kal.

220 1285 278 1312 XV.
292 1285 349 1312 kal.

204 1414 277 1440 XIV.
292 1414 348 1440 kal.

204 1498 278 1526 XIII.
291 1499 347 1526 kal.

242 1542 275 1568 ΙΙ.
290 1542 346 1569 kal.

219 1748 281 1775 VII.
296 1748 331 1774 id.

230 1921 275 1947 IV.
290 1920 326 1947 id.

245 2006 279 2032 II.
293 2006 329 2032 id.

217 2093 279 2119 XII.
292 2092 348 2118 kal.

231 2178 277 2204 VI.
292 2178 346 2204 kal.

247 2394 280 2420 V.
294 2393 350 2420 kal.

230 2523 276 2549 IV.
290 2523 347 2549 kal.

395 241 436 268 20.

397 327 438 353 21.

396 412 438 438 22.

394 455 436 481 26.

400 984 440 1011 10.

399 1114 438 1140 11.

397 1157 437 1183 12.

396 1200 434 1226 16.

396 1286 435 1312 18.

395 1414 435 1440 19,

392 1499 433 1526 20.

392 1543 433 1569 31.

391 1921 432 1947 10.

394 2007 433 2033 12.

392 2092 434 2118 20.

392 2179 434 2205 26.

561 146 667 172 LIBER
687 146 1046 173 ANNIVERSARIORUM
1070 146 1448 173 MALLERSDORFENSIS.
1768 150 1830 180 209

490 240 542 267 Hic
562 239 657 275 agitur
679 240 882 267 anniversarius
908 240 1027 267 Conradi
1049 239 1119 267 dicti
1144 240 1260 266 Bohemi
1283 241 1315 267 de
1342 241 1425 274 Pei-g,
1449 242 1477 267 et
1501 240 1666 267 infirmarius
1690 241 1831 268 ministrat

540 283 573 310 de
593 283 672 318 Perg.

492 325 544 352 Hic
564 326 659 360 agitur
678 327 880 353 anniversarius
900 326 1005 353 domini
1025 326 1185 354 Perclitoldi
1204 327 1306 358 Laxan.
1325 327 1437 358 militis,
1458 329 1486 354 et
1505 327 1670 354 infirmarius
1689 327 1831 354 ministrat

540 369 574 395 de
593 370 752 396 molendino
772 370 922 396 Bisendorf.

492 411 544 438 Hie
564 412 658 446 agitur
676 412 881 439 anniversarius
901 413 1015 439 Ornoldi
1035 413 1068 439 de
1088 413 1222 446 Penning.
1242 415 1270 439 et
1290 414 1382 439 custos
1401 413 1543 440 ministrat
1562 413 1595 440 de
1615 413 1749 447 Penning.

490 454 542 480 Hic
568 455 663 489 agitur
691 455 896 482 anniversarius
921 455 1048 490 Meingoz
1076 456 1116 487 li..
1143 455 1191 489 qui
1217 455 1294 482 dedit
1323 455 1402 482 nobis
1431 456 1466 482 ad
1490 456 1663 482 oblaeionem
1691 456 1831 490 quandam

541 497 685 524 decimam.

892 579 1118 614 MARTIUS.

490 642 543 669 Hic
562 642 657 677 agitur
675 642 879 669 anniversarius
904 643 1014 670 domine
1041 643 1168 670 Alhaidis
1191 643 1224 670 (16
1244 643 1432 674 Newberkch,
1458 646 1485 670 et
1505 643 1670 670 infirmarius
1690 644 1831 670 ministrat

540 685 574 711 de
593 685 670 711 curia
689 685 843 712 Chlahaim.

491 727 544 754 Hic
563 728 659 762 agitur
677 727 880 754 anniversarius
899 728 1004 762 Rfigeri
1022 728 1158 762 Langzbrl
1177 730 1205 754 et
1218 728 1376 762 Margarete
1397 729 1488 755 uxoris
1507 738 1570 760 sue,
1591 731 1619 755 et
1642 729 1729 755 abbas
1752 728 1832 755 mini-

543 773 615 797 strat
634 771 667 797 de
687 771 845 805 Hainpfich.

495 813 557 848 [Hic
577 813 671 848 agitur
689 814 896 841 anniversarius
915 814 1041 840 Hainrici
1067 814 1124 848 pbi.
1153 816 1182 840 et
1208 813 1255 840 mi.
1279 823 1312 840 ex
1338 814 1439 841 nostris
1458 814 1528 841 dicti
1546 814 1711 841 Meichssner
1730 816 1758 841 et
1777 823 1831 841 om<

541 856 617 882 nium
636 856 859 890 predecessorum
878 866 996 888 suorum,
1016 857 1063 890 qui
1077 877 1083 883 .
1097 877 1103 883 .
1120 857 1160 890 .¹)]

496 899 547 926 Hic
567 899 662 934 agitur
681 899 911 932 anniversarius²)
936 900 1061 926 Hainrici
1079 900 1167 926 Dawn
1195 900 1296 927 sutoris
1315 900 1348 926 (16
1373 900 1563 932 Malherstorf,
1588 903 1616 927 et
1636 903 1727 927 custos
1754 900 1833 926 mini-

540 942 650 968 strabit.

494 984 546 1011 Hic
571 984 667 1019 agitur
689 984 894 1011 anniversarius
904 986 924 1017 ³)
949 984 1053 1010 domini
1079 984 1166 1010 Ulrici
1195 984 1373 1019 Newberger,
1397 985 1510 1019 plebani
1535 985 1563 1011 in
1587 979 1780 1017 Asenchoveu,
1805 989 1833 1013 et

539 1030 632 1054 custos
650 1028 822 1054 ministrabit
841 1028 910 1061 ὃβιῗ)
929 1029 957 1053 et
977 1027 1139 1061 presbiteris
1167 1028 1264 1054 eadem
1287 1028 1332 1054 die
1357 1028 1454 1054 missas
1474 1037 1523 1062 pro
1542 1028 1637 1062 requie
1656 1029 1744 1063 ipsius
1765 1029 1833 1056 eele-

543 1071 689 1097 brantibus
708 1072 741 1098 30
753 1072 770 1104 ᾧ
789 1071 821 1097 (16
841 1071 918 1097 curia
936 1071 1082 1097 Binkchel.

493 1114 545 1140 Hie
567 1114 661 1148 agitur
680 1114 884 1141 anniversarius
902 1114 1055 1148 Elysabeth
1075 1114 1333 1143 Zinczenzellerinn.
1353 1116 1381 1141 et
1400 1114 1572 1141 ministrabit
1591 1115 1624 1143 60
1636 1116 1652 1148 ᾧ
1671 1115 1704 1142 (16
1725 1117 1793 1149 ...4)

492 1156 553 1190 [Hic
573 1156 668 1191 agitur
686 1157 893 1183 anniversarius
912 1157 1059 1183 Elizabeth
1079 1157 1240 1190 Zilcherlin]

489 1199 542 1225 Hic
565 1200 660 1234 agitur
683 1199 888 1226 anniversarius
898 1202 917 1232 ⁵)
941 1199 1066 1226 Hainrici
1093 1200 1227 1226 Chostner
1251 1200 1285 1226 de
1307 1200 1514 1226 Adlatzhausen
1538 1202 1566 1227 et
1592 1200 1714 1227 omnium
1740 1201 1834 1234 prede-

542 1250 680 1269 cessorum
699 1251 818 1273 suorum,
838 1245 866 1269 et
886 1242 1052 1268 infirmarius
1075 1242 1247 1269 ministrabit
1270 1244 1297 1274 ’Ἀρ
1314 1244 1338 1269 {t
1353 1244 1369 1276 ι)
1388 1243 1420 1269 (16
1440 1243 1599 1270 molendino
1619 1243 1833 1270 Odlatzhausen.

490 1285 542 1311 Hic
568 1285 662 1319 agitur
688 1285 892 1312 anniversarius
918 1285 1021 1311 domini
1050 1286 1200 1312 Purchardi
1224 1286 1339 1319 plebani
1366 1289 1391 1312 ὅ.
1406 1286 1488 1312 Pauli
1514 1286 1681 1320 Ratispone,
1708 1288 1736 1312 et
1762 1285 1833 1312 infir-

542 1328 645 1354 marius
669 1328 811 1355 ministrat
843 1330 911 1361 ¹122&
926 1330 942 1362 ὁ
968 1329 1001 1355 (16
1027 1328 1116 1354 tribus
1136 1329 1240 1362 prediis
1260 1329 1288 1354 in
1308 1329 1401 1356 Monte
1421 1329 1568 1360 Vinorum,
1594 1338 1662 1363 quas
1687 1330 1745 1361 (sic)
1773 1329 1832 1363 ipse

541 1371 626 1398 dedit.

490 1413 541 1440 Hic
561 1414 656 1448 agitur
673 1413 879 1440 anniversarius
898 1414 1002 1440 domini
1021 1414 1139 1440 Conradi
1160 1414 1332 1448 Newmayer,
1352 1415 1480 1449 magistri
1498 1415 1648 1449 hospitalis
1668 1415 1832 1451 11111111111116ς

540 1460 631 1483 custos
650 1457 792 1484 ministrat
814 1459 841 1489 ¹12
856 1459 881 1484 ‘It
894 1458 910 1491 ο)
929 1457 962 1483 (16
982 1457 1057 1483 curia
1077 1457 1180 1489 Ried.⁶)

486 1499 538 1526 Hic
558 1499 652 1534 agitur
674 1499 880 1526 anniversarius
900 1499 1025 1526 Hainrici
1046 1501 1153 1529 Hetzer.
1173 1502 1201 1526 et
1220 1500 1386 1527 infirmarius
1405 1501 1546 1528 ministrat
1565 1502 1598 1528 60
1610 1503 1633 1535 ᾧ.

487 1542 539 1569 Hic
563 1543 659 1577 agitur
684 1542 889 1569 anniversarius
916 1542 1022 1569 domini
1046 1542 1162 1570 Diet-rici
1186 1543 1300 1577 plebani
1324 1543 1350 1570 in
1376 1544 1469 1570 Puech
1489 1554 1508 1570 s.
1519 1545 1592 1576 Viti,
1618 1547 1646 1571 et
1665 1543 1831 1570 infirmarius

540 1586 682 1612 ministrat
702 1586 734 1612 de
754 1586 862 1613 decima
882 1586 981 1613 minori
1001 1587 1028 1612 in
1049 1586 1180 1613 Linthart
1200 1589 1228 1614 et
1248 1589 1329 1621 prat-0
1349 1587 1377 1613 in
1396 1587 1576 1614 Etterstorfer
1594 1589 1652 1614 Aw.

906 1683 1107 1720 APRILIS.

490 1748 542 1774 Hic
562 1748 658 1782 agitur
676 1748 882 1775 anniversarius
902 1748 1007 1775 domini
1026 1749 1150 1775 Hainrici
1171 1750 1283 1783 plebani
1303 1750 1330 1776 in
1346 1751 1602 1781 Westenchirchen,
1623 1752 1650 1776 et
1664 1749 1831 1776 infirmarius

540 1791 714 1817 ministrabit
734 1792 768 1818 60
780 1792 796 1825 ο)
815 1791 848 1818 (16
868 1800 932 1818 area
951 1792 1068 1819 Dietlini
1088 1792 1116 1818 in
1136 1793 1292 1820 Etterstorf.

488 1836 540 1862 Hic
567 1836 662 1870 agitur
685 1836 916 1868 anniversarius⁷)
942 1837 1046 1862 domini
1071 1837 1157 1863 Ulriei
1181 1838 1398 1865 Smalenstainer
1424 1838 1522 1865 decani
1548 1848 1568 1864 s.
1588 1838 1717 1865 Iohannis
1741 1838 1831 1864 Ratis-

538 1887 618 1913 pone,
640 1881 668 1905 et
688 1878 854 1905 infirmarius
873 1879 1045 1906 ministrabit
1067 1882 1096 1913 Ὧι
1111 1882 1136 1907 41>
1148 1882 1164 1913 ὁ
1184 1881 1217 1907 (16
1237 1881 1312 1907 curia
1332 1881 1509 1915 Mistelpach.

484 1921 535 1947 Hic
563 1922 657 1955 agitur
684 1922 848 1948 tricenarius
879 1923 1028 1956 prescripti
1054 1923 1158 1950 domini
1183 1924 1283 1955 Ulrici,
1312 1925 1345 1951 de
1370 1933 1424 1957 quo
1450 1925 1614 1950 infirmarius
1640 1924 1726 1951 etiam
1751 1924 1831 1950 dabit

540 1965 569 1997 ¹l2
584 1966 607 1991 lt.
620 1965 636 1997 ι)
655 1965 688 1990 (16
707 1965 884 1999 Mistelpach.

487 2007 540 2033 Hic
564 2008 658 2041 agitur
680 2007 886 2034 anniversarius
912 2009 1062 2035 Hei-manni
1086 2010 1118 2036 de
1138 2010 1252 2036 Nexvfar
1276 2012 1304 2036 et
1329 2010 1520 2044 chunigundis
1539 2011 1572 2037 de
1592 2010 1831 2036 Ascholtzhausen

538 2053 566 2077 et
586 2050 673 2076 Uli-ici
692 2051 813 2081 abbatis,
834 2054 861 2078 et
881 2051 1046 2078 infirmarius
1066 2053 1216 2080 ministrat.

487 2092 539 2119 Hic
559 2094 654 2127 agitur
671 2093 877 2120 anniversarius
896 2095 1007 2121 domine
1027 2095 1160 2122 Gotesteu
1182 2096 1355 2127 Lavaninne,
1376 2099 1403 2123 et
1423 2097 1589 2123 infirmarius
1607 2096 1779 2123 ministrabit
1799 2097 1831 2123 de

539 2136 697 2162 molendino
713 2136 877 2163 Wisendorf.

488 2178 540 2205 Hic
559 2179 654 2213 agitur
668 2179 873 2206 anniversarius
882 2182 901 2213 ⁸)
921 2181 1027 2207 domini
1041 2181 1149 2208 Alberti
1167 2182 1288 2209 Nothaft
1302 2191 1363 2209 cum
1377 2183 1466 2209 tribus
1479 2182 1568 2209 missis
1587 2184 1616 2209 et
1628 2182 1831 2212 exhortatione,

540 2222 570 2248 in
588 2232 643 2256 qua
663 2223 801 2250 habeatur
819 2224 952 2250 memoria
972 2224 1047 2250 Petri
1061 2224 1304 2256 Valchenstainer,
1331 2226 1435 2253 Helene
1462 2226 1554 2252 uxoris
1573 2234 1631 2256 sue,
1659 2225 1783 2251 Hainrici
1803 2227 1831 2251 et

540 2265 649 2292 Alberti
670 2266 792 2292 Nothaft
812 2269 840 2293 et
859 2267 981 2293 omnium
996 2267 1220 2300 predecessorum
1234 2277 1355 2299 suorum;
1376 2271 1467 2295 custos
1481 2268 1561 2294 dabit
1575 2268 1701 2295 cantanti
1720 2267 1832 2294 missam

538 2309 554 2334 8
574 2309 597 2341 ᾧ,
626 2308 789 2342 legentibus
817 2309 935 2336 cuilibet
957 2310 974 2335 4
991 2310 1015 2342 ᾧ,
1041 2311 1217 2343 presentibus
1244 2311 1350 2345 vigiliis
1376 2321 1392 2338 a
1416 2311 1555 2345 principio
1581 2319 1666 2344 usque
1690 2311 1725 2336 ad
1750 2311 1831 2336 finem

540 2351 657 2377 cuilibet
676 2352 691 2377 6
705 2353 721 2384 a>
740 2352 773 2378 (16
792 2352 950 2379 molendino
970 2353 1155 2379 Malherstorf.

490 2393 543 2420 Hic
572 2394 666 2428 agitur
693 2394 898 2421 anniversarius
927 2395 1031 2422 domini
1058 2396 1201 2423 Chalhoch
1230 2397 1339 2423 comitis
1367 2397 1400 2423 de
1429 2396 1649 2430 Chirchperkch,
1677 2396 1725 2430 qui
1753 2396 1830 2423 dedit

540 2437 640 2463 silvam
661 2437 773 2464 Puchlo.
805 2438 847 2463 Ibi
868 2438 953 2464 etiam
972 2439 1122 2465 inchoatur
1140 2440 1304 2467 tricenarius
1323 2439 1428 2465 domini
1448 2440 1556 2466 Alberti
1576 2439 1705 2467 Nothaft.
1724 2439 1757 2465 (16
1776 2448 1830 2472 quo

540 2480 625 2506 etiam
645 2482 737 2506 custos
757 2481 835 2507 dabit
859 2483 886 2509 ¹92
902 2483 926 2508 itt
939 2482 955 2513 εξ)
974 2482 1007 2508 (16
1028 2483 1153 2516 predicto
1173 2483 1331 2509 molendino
1350 2483 1534 2509 Malherstorf.

487 2522 540 2548 Hic
560 2523 653 2556 agitur
672 2523 874 2549 anniversarius
885 2526 902 2555 ⁹>
924 2525 1033 2551 domine
1052 2525 1206 2557 Mathildis,
1228 2528 1255 2552 et
1275 2525 1440 2551 infirmarius
1460 2525 1599 2551 ministrat
1619 2525 1652 2551 (16
1672 2524 1830 2551 molendino

538 2566 704 2592 Wisendorf.

283 2687 302 2717 ¹)
329 2686 445 2720 Reliqua
469 2695 608 2720 nunquam
631 2688 760 2720 *iuscripta
788 2690 858 2713 suut.
967 2689 985 2719 2)
1010 2688 1125 2714 Erectus
1148 2693 1219 2715 1404.
1326 2690 1346 2721 ³)
1371 2689 1488 2714 Erectus
1507 2692 1576 2715 1313.
1685 2689 1705 2719 4)
1726 2687 1829 2713 Nomen

176 2728 229 2754 Ioci
253 2729 377 2755 omissum
402 2733 445 2757 est.

175 2771 357 2799 desideratur.

553 2733 571 2763 ⁵)
592 2731 706 2756 Erectus
725 2734 792 2757 1337.
899 2732 919 2756 ⁶·
941 2731 977 2756 In
996 2732 1115 2764 murqine
1133 2733 1262 2765 scriptum
1281 2735 1329 2758 est:
1353 2732 1415 2759 vide
1436 2732 1559 2766 copian1;
1583 2731 1645 2757 haec
1663 2731 1737 2763 copia
1758 2738 1830 2756 mmo

462 2775 483 2805 7)
504 2773 618 2800 Erectus
638 2777 705 2800 1313.
813 2775 833 2805 ⁸)
854 2774 966 2800 Erectus
984 2778 1054 2800 1405.
1162 2777 1181 2807 ⁹)
1201 2775 1316 2801 Erectus
1336 2784 1352 2800 (ι
1372 2774 1514 2801 ΒενίΙιοΙᾱο
1533 2775 1631 2801 Larau
1651 2778 1722 2800 1241.
