2085 2999
251 254 299 280 IV.
314 262 377 280 non.

251 340 299 366 III.
314 349 378 367 non.

225 383 302 410 VIII.
315 383 352 410 id.

240 425 301 452 VII.
315 425 352 452 id.

251 469 298 496 VI.
312 469 349 496 id.

267 554 300 580 V.
314 554 352 581 id.

253 597 300 623 IV.
314 597 350 623 id.

252 640 300 667 III.
314 640 351 667 id.

264 683 298 709 II.
313 683 350 709 id.

312 725 349 752 id.

207 769 295 795 XVII.
313 769 369 795 kal.

235 811 295 838 XV.
312 811 367 838 kal.

224 897 297 924 XIV.
311 898 367 924 kal.

248 984 294 1010 XI.
308 984 365 1010 kal.

263 1200 296 1226 X.
309 1200 366 1226 kal.

246 1243 293 1269 IX.
307 1243 367 1269 kal.

220 1285 295 1312 VIII.
309 1285 365 1312 kal.

231 1371 291 1397 VII.
307 1370 363 1396 kal.

243 1413 291 1440 VI.
305 1413 361 1440 kal.

261 1499 294 1526 V.
308 1499 363 1526 kal.

246 1543 293 1569 IV.
307 1542 363 1569 kal.

244 1586 292 1612 111.
307 1586 363 1612 kal.

262 1629 296 1655 II.
310 1629 366 1655 kal.

307 1825 364 1852 kal.

249 1868 295 1895 IV.
309 1877 372 1895 non.

249 1912 297 1938 111.
311 1920 375 1938 non.

261 1955 295 1981 II.
311 1963 372 1981 non.

220 2040 294 2066 VIII.
310 2040 346 2066 id.

248 2083 295 2109 Vl.
309 2083 345 2110 id.

259 2212 291 2239 V.
306 2212 342 2238 id.

246 2298 294 2324 III.
308 2297 344 2324 id.

259 2341 293 2367 II.
307 2341 343 2366 id.

305 2383 342 2410 id.

215 2426 288 2452 XVI.
304 2427 360 2453 kal.

258 2469 290 2494 X.
304 2469 360 2495 kal.

242 2511 288 2537 IX,
302 2512 359 2538 kal.

214 2554 290 2581 VIII.
304 2555 360 2581 kal.

245 2597 292 2623 VI.
306 2597 362 2623 kal.

430 254 455 280 4.

413 1199 453 1225 23.

412 1242 454 1268 24.

410 1285 451 1311 25.

408 1370 449 1396 26.

406 1413 448 1439 27.

410 1499 451 1525 28.

409 1543 451 1569 29.

407 1587 449 1612 30.

412 1628 453 1655 31.

427 1825 453 1980 &5²50st

426 2041 451 2109 909³

424 2212 449 2239 9.

410 2299 449 2324 11.

409 2341 449 2368 12.

407 2384 446 2410 13.

408 2428 448 2454 16.

406 2469 448 2495 22.

406 2512 447 2538 23.

406 2555 447 2581 24.

409 2597 448 2623 26.

519 158 784 186 NECROLOGIUM
801 159 1028 186 MONASTERII
1047 160 1072 186 S.
1093 159 1221 187 CRUCIS
1240 160 1532 188 RATISBONENSIS.
1786 167 1848 196 299

510 253 576 280 Ob.*
595 253 705 280 UIricus
726 253 845 280 Wollaer.
883 253 949 280 Obx*
968 253 1129 288 Mergardis,
1149 254 1315 281 Pertholdus
1335 257 1363 281 et
1383 255 1525 282 Cumadus
1546 256 1579 283 de
1598 256 1758 284 Steinbach.
1788 259 1847 292 [Ob.

561 305 611 323 sor.
633 296 714 322 Clara
733 296 928 330 Sitawz‘zrymr]

510 339 576 366 Ob.*
594 348 646 366 sor.
664 339 819 372 Elyzabeth
840 339 873 365 de
893 339 1061 374 Strawbing.

512 382 572 415 [Ob.
592 391 642 408 sor.
663 382 780 408 Offemia
799 382 960 416 Paulserin.]

510 425 560 452 Ob.
581 433 631 451 sor.
652 425 755 451 Pertha.
773 424 995 459 Ramspergerin.
1032 425 1108 460 [01).*
1127 426 1281 453 Katherina
1300 426 1411 453 Grafinn
1431 427 1530 461 witib.]

508 467 734 494 Anniversarium
760 468 884 494 omnium
908 469 1025 495 fratrum
1048 470 1077 495 et
1095 477 1216 495 sororum
1240 469 1344 495 ordinis
1369 470 1464 496 nostri.
1502 470 1577 504 [Ob.*
1596 479 1647 497 sor.
1668 471 1848 505 Margaretha

562 511 754 543 Chraczerynn
773 513 802 537 et
821 520 871 537 sor.
892 511 950 537 eius
969 512 1067 545 Anna]

510 553 560 580 Ob.
580 562 631 580 sor.
650 553 806 587 Wilwirgis
826 553 1012 580 Pondorferin.
1041 554 1091 580 Ob.
1111 562 1162 580 sor.
1182 554 1287 580 Sabina
1308 554 1476 581 Chfirnaerin.

510 597 576 623 Ob.*
594 596 706 622 domina
724 596 842 630 Agnetis
862 597 895 623 de
914 597 1062 623 Paulstorf.

511 639 560 666 Ob.
580 648 630 665 sor.
650 639 794 665 Elisabeth
815 639 926 674 Kingin.
964 640 1013 666 Ob.
1033 648 1085 667 sor.
1105 640 1225 674 Sophya.
1265 640 1314 666 Ob.
1334 649 1385 667 sor.
1406 642 1485 667 Anna
1504 641 1666 675 Millaerin.¹)

508 682 559 709 Ob.
579 691 629 708 sor.
651 683 730 708 Anna
748 681 907 708 Mantzerin.
944 683 993 709 Ob.
1013 691 1064 709 sor.
1084 683 1292 718 Margarethao
1312 683 1345 710 de
1365 683 1488 710 Murach.

509 725 559 751 01).
579 734 630 751 sor.
650 725 755 751 Pertha
773 725 806 751 de
826 725 974 752 Lantzhut.
1011 725 1076 752 Ob.*
1096 726 1240 752 Cunradus
1261 726 1382 753 Paulser.

512 769 588 803 [01).*
607 777 659 794 sor.
679 767 824 795 Elizabeth
844 768 1026 802 Marpeekin]

509 811 575 837 0b.*
594 820 644 837 sor.
668 811 822 844 Elyzabeth
843 811 1000 838 Ulraeichin.
1038 812 1112 846 [01).*
1131 812 1163 839 fr.
1190 812 1346 839 Fridericus
1372 812 1464 839 Ekker
1489 812 1592 839 ordinis
1612 813 1846 841 Predicatorum.*

558 854 608 881 Ob.
628 863 677 880 sor.
701 853 825 880 Elisabet
844 854 1071 888 Mairhoverinn.]

511 897 570 931 [Ob.
591 906 640 923 sor.
661 896 810 929 Christina,
831 907 883 931 que
909 898 1021 932 scripsit
1039 899 1112 925 hunc
1131 898 1242 926 librum.
1280 899 1329 925 Ob.
1349 900 1381 925 fr.
1400 899 1499 926 Petrus
1518 899 1726 933 Rosenhaymer
1744 899 1848 926 ordinis

559 940 786 974 Predicatorum]

508 983 575 1009 Ob.*
594 983 705 1009 domina
725 986 805 1009 Anna
824 984 1030 1017 Ingolsteterin.
1068 984 1136 1018 [Ob.‚
1156 984 1357 1015 anifersarium,
1377 985 1489 1011 domina
1507 985 1625 1020 Agnetis
1644 985 1847 1017 Folckamerin,

558 1026 625 1053 item
650 1026 698 1053 der
724 1028 842 1053 convent
867 1027 917 1053 hat
943 1027 990 1054 der
1009 1028 1127 1062 Agnetis
1147 1028 1340 1054 Folckamerin
1361 1028 1458 1063 jartag
1483 1028 1669 1062 aufgenumen
1694 1029 1746 1054 mit
1771 1029 1848 1055 einer

556 1069 728 1103 gesproehen
753 1072 816 1096 mess
842 1070 924 1096 darzu
951 1071 1060 1101 halten,
1087 1071 1143 1097 und
1171 1072 1220 1098 100
1239 1071 1342 1105 gulden
1366 1071 1416 1097 hat
1440 1080 1504 1097 mon
1530 1071 1646 1098 darumb
1675 1071 1764 1106 geben
1790 1072 1846 1098 und

556 1112 621 1138 umb
641 1113 657 1138 2
670 1112 774 1146 gulden
788 1115 874 1139 worcz
893 1114 983 1147 geben
1002 1114 1055 1140 den
1068 1114 1233 1148 s(western)‚
1253 1114 1302 1140 das
1322 1117 1400 1148 nymt
1414 1123 1477 1141 mon
1497 1114 1541 1141 ein
1552 1124 1605 1141 von
1625 1114 1685 1141 dem
1699 1114 1850 1141 sedtelhoff

556 1164 611 1189 pey
630 1155 722 1186 0czin,
744 1156 793 1182 dut
813 1156 879 1182 fleiss
899 1157 995 1189 damit,
1017 1157 1083 1184 1400
1102 1157 1139 1183 im
1159 1157 1200 1183 88.
1215 1157 1279 1191 jan]

508 1198 558 1224 Ob.
578 1207 628 1224 sor.
649 1198 802 1231 Elyzabeth
821 1199 946 1226 Reichin.

509 1241 575 1267 Ob*
595 1241 705 1267 domina
726 1241 879 1275 Elyzabeth
899 1262 926 1268 ..
941 1243 970 1275 .²)

507 1284 557 1310 Ob.
577 1292 627 1310 sor.
649 1284 766 1311 Offemia
784 1284 893 1311 Loblin.
930 1285 1007 1319 [01).*
1026 1294 1077 1312 sor.
1098 1287 1179 1312 Anna
1200 1286 1361 1319 Kastnerin,
1381 1288 1414 1315 60
1427 1288 1444 1321 ᾧ
1462 1287 1708 1322 Ratisponensium
1727 1297 1759 1314 zu
1778 1288 1846 1315 irem

552 1327 666 1361 jartag]

505 1369 581 1403 [01).*
601 1370 749 1397 domicella.
768 1370 921 1404 Elyzabeth
941 1371 1176 1406 Tfindorffirynn]

503 1412 569 1439 Ob.*
596 1413 738 1446 Nycolaus
766 1414 888 1440 Altman.
933 1414 998 1441 Ob.*
1024 1415 1105 1440 Anna
1132 1415 1313 1441 Nusdorferin
1339 1416 1372 1443 de
1400 1416 1575 1450 Saltzpurch.
1613 1417 1689 1451 [Ob.*
1719 1417 1846 1444 dominus

556 1456 671 1483 Georius
690 1456 888 1483 D=²rrensteten
926 1458 992 1484 0b.*
1011 1467 1062 1484 sor.
1082 1459 1162 1484 Anna
1181 1458 1385 1492 Stetpeckinn.]

506 1499 555 1526 Ob.
575 1508 626 1526 sor.
646 1499 828 1534 Hildigardis.

506 1542 566 1577 [Ob.
587 1551 637 1569 sor.
657 1543 818 1576 Margareta
838 1543 1006 1578 Pergerinn]

503 1586 564 1620 [Ob.
583 1595 635 1612 sor.
654 1586 735 1612 Anna
753 1586 933 1619 Sternerinn]

508 1628 558 1655 Ob.
577 1637 629 1654 sor.
649 1628 830 1662 Kunegundis
849 1628 883 1655 de
902 1628 1070 1655 Haselbaeh.
1108 1629 1158 1656 Ob.
1178 1638 1227 1656 sor.
1247 1629 1402 1664 Elyzabeth
1416 1630 1515 1658 Sv’zsin.
1548 1632 1607 1665 [Ob.
1628 1642 1678 1660 sor.
1698 1634 1844 1661 Elizabeth

554 1671 672 1705 Lfiblin]

883 1761 914 1796 N
917 1761 1156 1798 OVEMBER.

509 1824 559 1851 Ob.
579 1833 629 1852 sor.
650 1825 762 1852 Ceeilia.
799 1825 849 1851 Ob.
869 1834 920 1852 sor.
940 1826 1043 1853 Rihtza
1062 1835 1121 1853 eva.
1161 1827 1221 1861 [Ob.
1241 1837 1292 1854 sor.
1312 1828 1453 1855 Dorothea
1472 1830 1665 1864 Portnerynn.]

507 1867 557 1894 Ob.
577 1877 628 1894 sor.
648 1868 759 1894 Pertha.
797 1869 845 1895 Ob.
866 1877 917 1896 sor.
937 1869 1087 1896 Gerdrudis
1107 1870 1233 1897 Cholbin.

509 1911 570 1944 [Ob.
590 1912 670 1937 Anna
689 1911 837 1938 Mawrerin
857 1921 907 1938 sor.
927 1912 1048 1946 ordinis}

507 1953 557 1980 Ob.
577 1963 628 1980 sor.
647 1952 782 1988 Dssrmudis
805 1955 838 1981 de
863 1956 1011 1982 Lantzhut.
1058 1956 1108 1982 Ob.
1128 1957 1159 1983 fr.
1185 1957 1321 1984 Iohannes
1348 1958 1550 1991 Theutonieus,
1578 1960 1713 1994 magister
1739 1961 1843 1988 ordinis

552 1998 700 2031 quartus.³)

506 2040 572 2066 Ob.*
592 2049 642 2066 sor.
663 2041 818 2074 Elyzabeth
838 2041 1083 2068 Stainehircherin.
1121 2042 1173 2076 [01)
1186 2044 1198 2057 ³*
1218 2045 1298 2070 Anna
1316 2044 1446 2071 Alhartin
1467 2045 1499 2071 de
1520 2045 1726 2081 Strmbingen]

507 2084 583 2118 [01).*
603 2083 714 2110 domina
734 2085 845 2118 Angues
866 2084 1189 2119 Schikcheubergerynn.
1227 2087 1293 2112 Ob.*
1311 2095 1360 2113 sor,
1387 2087 1549 2120 Chfinigunt
1574 2089 1740 2123 Alhartynn.
1777 2091 1842 2117 Ani<

552 2126 697 2152 fersarium
717 2127 842 2153 Udalriei
855 2127 986 2162 Ersinger
1004 2129 1164 2158 sacerdotis.
1184 2129 1217 2156 de
1232 2129 1319 2163 ipsius
1338 2130 1417 2156 bonis
1435 2131 1589 2165 recepimus
1602 2135 1713 2159 centum
1726 2134 1843 2161 florenos

555 2178 627 2195 anno
647 2170 752 2196 domini
774 2171 838 2197 1487
858 2180 874 2197 a
893 2171 962 2198 duce
981 2171 1133 2198 Adelberto
1152 2172 1185 2198 de
1204 2173 1338 2207 Monaco]

503 2212 552 2238 Ob.
580 2221 632 2238 sor.
658 2214 736 2239 Iutta
763 2214 944 2247 Musohopfin.
991 2214 1057 2240 Ob*
1086 2214 1214 2240 dominus
1242 2215 1398 2241 Friderieus
1425 2216 1458 2242 de
1488 2218 1561 2243 Awe.
1609 2217 1686 2250 [01).*
1715 2219 1840 2245 dominus

552 2255 695 2289 Nyeolaus
714 2256 882 2291 Rz‘iutlinger
900 2257 979 2290 sac.*]

505 2298 555 2324 Ob.
575 2307 626 2325 sor.
646 2300 727 2324 Anna
747 2299 930 2326 Chra‘2tzzerin.
967 2300 1028 2334 [Ob.
1049 2309 1098 2327 sor.
1119 2301 1200 2327 Anna
1219 2301 1420 2334 Melldsrinnst)
1457 2302 1507 2328 Ob.
1527 2310 1578 2328 sor.
1599 2304 1679 2330 Anna
1699 2303 1812 2339 Lsstzin]

504 2341 580 2375 [Ob.*
601 2342 726 2368 dominus
746 2342 905 2376 Stephanus
924 2344 1103 2370 Armmacher
1121 2344 1187 2377 sao]

502 2383 568 2410 Ob.*
581 2393 632 2411 sor.
647 2385 827 2419 Kunegundis
840 2387 873 2413 de
886 2386 988 2413 Monte.
1014 2387 1079 2413 Ob}
1092 2387 1202 2413 UIricus
1216 2387 1312 2413 Leche.
1338 2387 1415 2421 [01).*
1429 2387 1585 2414 Fridericus
1599 2389 1840 2425 Berolczhawser]

503 2427 568 2453 Oh*
587 2436 638 2454 sor.
658 2428 818 2462 Margareta
837 2429 1040 2461 Ingolsteterin.

503 2469 580 2503 [01)*
599 2479 650 2496 sor.
670 2471 751 2497 Anna
769 2471 1034 2505 Pawmburgz‘zrynn.
1072 2473 1137 2499 Ob.*
1156 2482 1206 2499 sor.
1227 2473 1360 2500 Katerina
1379 2473 1592 2507 Wyincklerin]

500 2512 562 2546 [Ob.
582 2522 633 2539 sor.
653 2513 813 2548 Margareta
833 2514 1067 2549 Peising‘Eu-innJH

503 2555 569 2582 Ob.*
588 2556 719 2583 Albertus
738 2558 864 2584 Amman.

504 2598 571 2624 Ob.*
591 2599 718 2625 dominus
739 2599 884 2626 Hainrieus
903 2601 960 2627 dec.
980 2601 1013 2627 de
1033 2601 1177 2627 Chambia.

295 2701 316 2733 ¹)
337 2701 426 2727 Notae
444 2701 525 2727 huius
545 2701 597 2727 diei
615 2703 720 2728 saeculo
735 2703 825 2729 XIII.
839 2707 988 2730 atramento
999 2707 1142 2730 remoratae
1155 2709 1232 2733 sunt:
1251 2705 1338 2731 eodem
1356 2705 1431 2731 modo
1449 2706 1528 2731 etiam
1542 2714 1637 2732 nomen
1651 2707 1840 2742 Ivlaryarethae

189 2746 227 2768 14.
244 2742 298 2769 Oet.
326 2743 499 2777 adscriptum.
607 2746 628 2777 ²)
647 2746 720 2771 Nota
740 2754 828 2779 paene
850 2755 934 2773 erasa.
1041 2750 1061 2781 ⁸)
1080 2748 1154 2774 Nota
1168 2756 1254 2781 paene
1278 2751 1332 2774 tota
1351 2756 1427 2774 erasa
1446 2752 1488 2774 est.
1597 2751 1617 2783 ⁴)
1635 2750 1709 2776 Haec
1728 2754 1790 2776 nota
1809 2759 1841 2777 επ

184 2788 267 2817 parte
285 2789 411 2812 renovata
430 2790 472 2813 est.

1584 2844 1632 2870 38*
