2085 2999
216 143 279 174 218

335 311 392 338 kal.

274 363 321 389 IV.
335 371 398 389 non.

272 457 321 483 ΙΙΙ,
336 466 398 483 non.

286 612 320 639 ΙΙ,
333 621 397 638 uon.

337 723 401 742 non.

246 766 321 793 VIII.
335 766 371 793 id.

263 818 326 845 VII.
340 818 377 845 id.

275 912 322 938 VI.
337 912 373 938 id.

288 1016 321 1042 V.
336 1015 372 1042 id.

278 1110 324 1137 IV.
338 1110 375 1137 id.

273 1214 321 1240 III.
336 1213 372 1240 id.

290 1317 324 1342 II.
340 1317 376 1343 id.

338 1410 375 1436 id.

250 1515 323 1541 XIX.
337 1515 393 1541 kal.

222 1567 323 1594 XVIII.
338 1567 393 1594 kal.

234 1620 324 1647 XVII.
338 1621 393 1647 kal.

249 1767 323 1793 XVI.
337 1766 394 1792 kal.

266 1818 324 1844 XV.
340 1818 396 1843 kal.

253 1870 325 1896 XIV.
340 1869 395 1895 kal.

252 1922 326 1948 XIII.
339 1921 394 1947 kal.

264 1965 324 1990 XII.
338 1964 395 1990 kal.

278 2093 324 2119 XI.
339 2093 395 2119 kal.

296 2145 328 2170 X.
342 2144 399 2170 kal.

282 2195 329 2221 IX.
342 2195 399 2221 kal.

253 2291 330 2317 VIII.
343 2290 399 2316 kal.

267 2342 327 2368 VII.
342 2342 398 2368 kal.

280 2394 328 2419 VI.
342 2394 398 2420 kal.

296 2497 329 2522 V.
343 2497 399 2523 kal.

284 2600 331 2625 IV.
345 2600 401 2626 kal.

284 2653 331 2677 III.
346 2652 400 2677 kal.

439 1111 479 1137 10.

437 1214 476 1240 11.

440 1317 479 1343 12.

439 1411 478 1437 13.

441 1515 482 1541 14.

442 1567 479 1593 15.

441 1621 480 1647 16.

441 1765 479 1791 17.

443 1816 482 1842 18.

444 1869 483 1894 19.

440 1921 481 1947 20.

440 1964 481 1989 2l.

441 2093 482 2118 22.

444 2145 486 2170 23.

444 2196 485 2221 24.

444 2290 485 2315 25.

443 2342 485 2368 26.

444 2394 485 2419 27.

445 2496 485 2522 28.

447 2600 488 2626 29.

447 2652 488 2678 30.

694 136 957 163 NECROLOGIUM
977 136 1401 164 WEIHENSTEPHANENSE.

911 234 1177 270 DECEMBER.

523 303 696 333 Hainricus
720 301 789 342 pbr.
814 304 847 332 et
861 311 903 332 m.
940 290 1067 331 Issricus
1091 300 1111 330 l.

523 353 738 385 Gebehardus
762 363 829 394 eps.
873 352 1082 383 Meinhardus
1106 351 1180 382 abb.
1223 350 1385 382 Arnoldus
1408 351 1477 392 pbr.
1508 354 1540 382 et
1562 361 1604 382 m.
1651 358 1770 393 [Oh-icus
1793 367 1872 393 ppos,

579 405 658 431 Nove
678 403 773 436 Celle]

522 448 695 479 Hainricus
722 447 792 488 pbr.
822 449 855 477 et
877 457 919 477 m.
943 457 973 476 n.
999 456 1047 486 cg.
1094 444 1268 486 Gerbirch,
1292 444 1442 476 Maethilt
1464 455 1505 476 m.
1551 444 1708 476 Gebolfus
1730 445 1751 476 l.
1797 444 1871 487 [Ob.

578 498 765 530 Meihardus
785 499 806 529 1.
831 498 964 529 occisus.
998 497 1059 528 Ob.
1077 496 1213 528 Sifridus
1230 496 1270 528 de
1283 496 1531 537 Frawenberch,
1549 497 1603 538 qui
1620 496 1709 528 dedit
1725 496 1873 538 predium

579 551 732 582 fratribus
756 550 798 581 ad
821 550 992 581 servicium
1015 548 1170 591 plenum.]

520 602 692 634 Hainrious
716 612 763 634 cv.
787 612 817 632 n.
843 612 890 643 cg.
932 600 1137 632 Volchradus
1164 600 1234 641 pbr.
1268 603 1300 631 et
1327 610 1368 631 m.
1416 599 1601 631 Guntherus
1628 599 1664 640 1.‚
1700 599 1755 641 qui
1781 599 1874 630 nobis

577 654 726 695 predium
751 653 850 684 dedit.
890 652 1038 694 [Elspeht
1060 651 1116 694 la]
1158 658 1324 693 [Friderieus
1342 658 1418 693 abb]

524 706 645 746 Alheit‚
670 705 787 736 Hailca
810 716 851 736 m.
888 704 1011 735 Perhta
1035 703 1130 734 abba.
1165 702 1262 734 Ernst
1284 703 1304 734 1.

521 758 704 789 Hartwicus
729 768 796 798 eps.
834 757 913 787 Atto
937 767 978 787 m.
1014 754 1210 786 Perhtoldus
1235 765 1281 786 cv.

526 809 708 850 Engild10h7
732 808 872 840 Lasstfl'ii'.
895 807 964 849 Pbr.
992 811 1024 838 et
1047 818 1088 838 m.
1121 806 1244 837 Albero
1271 806 1291 837 I.
1332 813 1385 847 [Fr.
1413 813 1549 840 Iohannes
1575 813 1748 840 Schambeck
1766 812 1826 847 pbr,
1846 814 1875 839 eb

580 870 615 887 m.
633 869 659 885 n.
680 869 721 894 cg.
742 859 817 886 1483.
853 858 904 884 Ob.
924 858 1027 885 leorius
1046 858 1109 884 abb.
1130 857 1158 883 in
1177 857 1315 890 Soheyren
1335 865 1408 883 anno
1429 856 1515 890 1489]

524 904 677 935 Arnolfus
700 904 885 944 imperator.
926 902 1036 943 Agnes
1053 902 1092 932 la.
1129 900 1300 932 Liutoldus
1322 900 1395 932 abb.
1432 899 1562 931 osricus
1576 899 1645 941 pbr.
1680 899 1831 941 Irmigart
1854 899 1874 930 l.

582 955 779 997 [Fridericus
802 954 1015 995 Fris'mgensis
1041 952 1120 995 eps]

522 1007 649 1048 Haziga
683 1017 725 1037 m.
776 1006 948 1037 Hainricus
983 1016 1024 1036 m.
1080 1004 1276 1035 Perhtoldus
1310 1004 1348 1044 l.,
1384 1004 1438 1044 qui
1468 1002 1558 1034 dedit
1591 1002 1683 1034 nobis
1717 1001 1874 1044 predium.

582 1058 714 1092 [Michael
733 1057 797 1084 abb.
821 1057 919 1083 Petrus
939 1057 1002 1082 abb.
1017 1056 1103 1082 Althe
1124 1055 1281 1088 Inferioris]

525 1102 618 1133 Hitto
642 1101 856 1142 Frisingensis
875 1111 940 1141 ePS.
980 1099 1189 1131 Eberhardus
1206 1110 1251 1130 cv.
1289 1098 1451 1130 Dietricus
1468 1098 1508 1129 de
1524 1098 1638 1129 Mosen
1660 1097 1692 1137 l.,
1716 1098 1771 1138 qui
1787 1096 1878 1128 dedit

583 1153 676 1184 nobis
701 1153 763 1184 duo
788 1152 910 1193 predia.

523 1205 724 1236 Wernherus
760 1215 806 1235 cv.
842 1215 871 1234 n.
906 1214 954 1244 cg.
1001 1202 1114 1233 Witilo
1139 1201 1209 1243 pbr.
1241 1205 1273 1233 et
1296 1212 1336 1232 m.
1384 1201 1492 1232 Iudita
1515 1201 1551 1241 l.‚
1586 1211 1648 1242 que
1673 1199 1762 1231 dedit
1785 1200 1877 1231 nobis

584 1256 742 1298 predium.
791 1254 1010 1298 [Pernhardus
1034 1253 1066 1295 1.]

525 1308 689 1350 Rfipertus
719 1308 792 1339 abb.
843 1307 1016 1337 Liutherus
1045 1305 1114 1346 pbr.
1140 1308 1173 1336 et
1196 1315 1237 1335 m.
1289 1304 1418 1335 Osanna
1447 1314 1492 1335 cv.
1541 1301 1721 1346 [Alheidis.]
1769 1310 1878 1344 [Petrus

583 1359 647 1385 abb.
667 1359 695 1384 in
715 1358 864 1392 Pyburck.]

524 1401 689 1444 Rfipertus
719 1402 787 1443 pbr.
819 1404 851 1432 et
879 1412 921 1431 m.
950 1411 979 1431 n.
1005 1410 1053 1441 cg.
1092 1399 1266 1430 Hainricus
1289 1398 1358 1439 pbr.
1384 1397 1493 1429 Sancti
1508 1397 1585 1429 Viti.
1623 1397 1700 1428 Otto
1724 1407 1764 1428 m.
1805 1395 1877 1439 [Ob.

583 1454 710 1485 Ulrieus
734 1454 803 1484 dec.
829 1452 937 1484 Sancti
961 1450 1148 1493 And1·ee.¹)]

528 1506 752 1538 WVernhardus
777 1505 849 1536 abb.
886 1503 1046 1536 Rudolfus
1069 1503 1213 1534 subdiac.
1239 1505 1271 1533 et
1294 1513 1335 1533 m.
1371 1503 1482 1543 Agnes
1505 1501 1704 1543 imperatrix.

526 1559 647 1599 Agnes,
672 1558 778 1588 Iudita
802 1568 844 1587 m.
883 1556 1027 1587 Richkoz
1051 1555 1120 1596 pbr.
1147 1558 1179 1585 et
1202 1565 1243 1585 m.
1283 1554 1455 1585 Hainricus
1478 1553 1498 1584 l.

527 1611 677 1642 Albricus
703 1609 771 1650 pbr.
798 1612 830 1639 et
852 1619 893 1639 m.
919 1618 947 1638 n.
973 1618 1021 1647 cg.
1061 1605 1252 1638 Chfinradus
1276 1605 1295 1636 l.
1322 1605 1358 1636 fr.
1383 1616 1412 1636 n.
1448 1605 1555 1636 Iudita
1578 1605 1609 1645 1..
1634 1603 1673 1635 de
1699 1614 1762 1645 qua
1778 1603 1879 1634 habe-

586 1673 655 1693 mus
679 1661 844 1692 serm‘tium
868 1660 899 1689 in
923 1659 1049 1690 Rimen.
1097 1657 1172 1700 [Ob.
1197 1658 1369 1688 Hainricus
1393 1657 1551 1697 acolitus]
1597 1664 1742 1698 [Iohannes
1767 1663 1831 1689 abb.
1851 1661 1879 1687 in

586 1712 782 1741 Mallex-storff]

526 1756 735 1788 Meinhardus
758 1756 831 1787 abb.
856 1767 886 1786 n.
911 1766 959 1797 cg.
997 1755 1074 1786 Otto
1099 1754 1168 1796 pbr.
1194 1757 1225 1785 ct
1249 1765 1289 1784 m.
1314 1764 1343 1784 n.
1370 1764 1418 1794 cg.
1455 1751 1645 1783 Ohfinradus
1668 1761 1709 1781 m.

529 1808 747 1845 Bernhardus,
771 1808 925 1838 Arnolfus
949 1807 1095 1838 abbates.
1130 1805 1327 1837 Benedictus
1351 1804 1420 1846 pbr.
1446 1807 1478 1835 et
1501 1814 1543 1835 m.
1578 1801 1662 1833 Tfita
1686 1801 1779 1832 abba.

529 1860 714 1891 Maethildis
738 1870 779 1890 m.
814 1859 909 1890 Hezil
934 1859 1002 1899 pbr.
1028 1862 1060 1889 et
1083 1869 1124 1889 m.
1159 1857 1282 1888 Albero
1306 1856 1326 1887 1.

528 1912 692 1948 Albertus.
716 1911 899 1952 Dubitagus
923 1910 986 1951 pbi.
1014 1913 1046 1940 et
1069 1920 1109 1940 m.
1145 1908 1296 1939 Maethilt
1319 1907 1413 1938 abba.
1452 1905 1585 1937 Adalolt
1607 1905 1627 1936 l.

487 1964 505 1996 ²)
531 1967 614 1989 Anno
640 1963 741 1988 domini
771 1967 829 1988 1415
855 1962 893 1988 ob.
927 1961 1094 1995 [Leon-ardus
1122 1960 1186 1986 abb.
1210 1969 1235 1985 n.
1255 1968 1310 1993 cg..
1336 1958 1381 1984 hic
1404 1957 1494 1983 multa
1519 1957 1591 1982 bona
1619 1955 1688 1982 fecit
1713 1953 1881 1981 monasterio

588 2008 693 2037 nostro,
724 2005 856 2032 videlicet
884 2005 913 2030 iu
942 2003 1020 2031 libris
1049 2003 1240 2032 censualibus,
1269 2004 1295 2028 et
1325 2001 1444 2035 quodam
1468 2000 1548 2026 modo
1576 1997 1712 2025 secundus
1740 1996 1881 2029 fundator]

587 2052 657 2082 aput
676 2052 798 2074 sanctum
820 2048 962 2073 Erasmum
981 2047 1108 2080 sepultus.

528 2092 661 2126 [Calhoch
681 2092 745 2118 abb.
774 2091 968 2126 Wichnandus
986 2099 1020 2115 m.
1041 2099 1067 2114 n.
1087 2098 1129 2122 cg.
1160 2087 1308 2113 Hainricus
1327 2086 1345 2113 I.
1375 2085 1539 2119 Kunigundt
1558 2084 1604 2117 la.]

532 2135 721 2166 Gaubaldus
746 2145 811 2175 eps.
846 2126 972 2164 Uricus
997 2133 1015 2163 l.
1051 2132 1151 2162 Truta
1174 2132 1193 2162 l.

532 2187 639 2218 Iudita
664 2198 703 2217 m.
740 2186 913 2216 Hainrieus
938 2196 1004 2226 cp&
1040 2183 1217 2224 Rfitpertus
1241 2182 1310 2223 pbr.
1336 2184 1368 2212 ct
1391 2191 1432 2211 m.
1470 2188 1567 2214 Gallus
1586 2187 1650 2213 abb.
1668 2195 1693 2212 n.
1714 2194 1756 2219 cg.
1784 2185 1881 2218 [Leon-

592 2238 695 2263 hardus
715 2237 858 2262 Goldffiuid
879 2245 956 2269 ppos.
978 2236 1005 2260 in
1018 2234 1235 2267 Weyssenburg,
1256 2232 1394 2266 professus
1413 2231 1440 2256 in
1459 2229 1641 2263 VVilczburgJ

531 2281 639 2311 Lanzo
664 2292 704 2311 m.
729 2291 758 2310 n.
784 2291 832 2320 cg.
869 2279 1054 2319 Chunigunt
1077 2289 1117 2308 m.
1155 2278 1310 2318 Isgrimus
1332 2275 1352 2306 l.
1388 2282 1522 2308 Nicolaus
1540 2281 1604 2307 abb.
1641 2280 1748 2314 [Gallus
1767 2279 1840 2312 abb]

530 2333 631 2363 Aribo
655 2343 696 2362 m.
735 2331 891 2372 Hiltigart
914 2341 955 2361 m.
992 2329 1087 2370 Regil
1111 2329 1130 2360 l.
1167 2335 1304 2370 [Allexius
1322 2334 1385 2361 abb.
1407 2334 1435 2360 in
1454 2333 1541 2367 Rom]

532 2383 723 2415 Chfinradus
747 2394 788 2414 m.
813 2394 842 2413 n.
872 2393 921 2424 cg.
960 2381 1071 2412 Walto
1096 2380 1170 2411 abb.
1212 2379 1305 2421 Eppo
1334 2378 1403 2420 pbr.
1429 2378 1469 2409 de
1497 2376 1687 2417 Mochigne,
1715 2375 1769 2415 qui
1793 2373 1883 2405 dedit

591 2436 683 2466 nobis
708 2438 724 2465 7
743 2445 868 2466 marcas
893 2437 924 2464 et
949 2436 966 2464 9
984 2433 1116 2472 talenta,
1142 2432 1178 2462 fr.
1203 2443 1232 2462 n.
1268 2430 1450 2473 [Hainricus
1474 2428 1505 2470 l.]

531 2487 743 2528 Marquardus
772 2498 813 2517 m.
845 2497 873 2516 n.
903 2496 950 2526 cg.
988 2484 1109 2515 Albero
1138 2483 1207 2524 pbr.
1240 2486 1271 2514 et
1294 2493 1334 2513 m.
1379 2481 1491 2512 Ticino
1516 2490 1562 2510 cv.
1588 2490 1629 2509 ex
1652 2478 1744 2508 laico.
1782 2476 1883 2519 [Hilta

592 2540 632 2570 la.
658 2551 699 2570 cx
723 2538 861 2580 nostris.]

535 2591 685 2622 Maethilt
708 2602 748 2622 m.
788 2590 931 2621 Richker
955 2589 1024 2630 pbr.
1051 2592 1082 2620 et
1106 2599 1147 2619 m.
1185 2587 1391 2618 Hermannus
1414 2585 1433 2615 l.
1460 2584 1513 2624 [ex
1536 2580 1671 2623 nostris]

533 2643 702 2683 Leutkart‚
720 2643 872 2683 Irmigart
888 2652 928 2672 nl.
953 2641 1125 2672 Hainricus
1142 2639 1210 2680 pbr.
1228 2638 1320 2669 Nove.
1339 2637 1439 2668 Celle.
1463 2635 1634 2666 Hainricus
1647 2633 1666 2663 l.
1684 2633 1714 2663 in
1727 2631 1883 2672 Frisinga.

297 2704 331 2729 ΙΙ,
346 2703 401 2728 kal.
447 2703 488 2729 31.
534 2695 660 2725 Ulrious
684 2694 758 2725 abb.
796 2693 987 2724 Herbordus
1011 2704 1058 2724 cv.
1094 2691 1216 2722 Pcrhta
1239 2691 1280 2720 la.
1320 2684 1568 2731 [Fride1·icusl.]

340 2774 358 2803 ¹)
379 2772 589 2804 Szmerscriptmn
614 2775 649 2796 cst
675 2779 772 2796 women
795 2771 909 2796 'immae
934 2770 1061 2795 lectionis.
1186 2768 1206 2799 ²)
1236 2766 1322 2791 Notae
1350 2772 1437 2791 onmes*
1454 2763 1556 2788 dierum
1582 2765 1619 2787 21.
1640 2763 1662 2786 et
1681 2764 1719 2786 22.
1734 2759 1884 2785 Decembris

231 2815 336 2841 saeculo
359 2815 421 2840 XV.
441 2815 496 2841 loco
514 2822 647 2840 erasormn
668 2814 810 2845 inscriptae
828 2815 899 2838 sunt.
