2085 2999
217 119 280 149 264

269 210 316 236 111.
329 209 385 235 kal.

287 253 320 278 II.
334 252 389 277 kal.

332 421 388 447 kal.

269 464 316 490 1V.
330 473 392 490 non.

332 557 395 575 nou.

258 592 319 618 VII.
333 592 369 618 id.

274 635 320 661 VI.
334 635 371 661 id.

270 678 317 704 III.
332 677 369 704 id.

287 721 321 747 11.
334 721 371 747 id.

332 763 369 790 id.

218 806 320 832 XVIII.
334 806 390 832 kal.

230 849 318 876 XVII.
331 849 387 875 kal.

245 892 318 918 XVI.
332 892 388 917 kal.

262 934 323 961 XV.
336 934 393 961 kal.

246 977 321 1003 XIII.
335 977 391 1003 kal.

257 1062 319 1088 XII.
333 1062 390 1089 kal.

270 1106 317 1131 XI.
330 1105 387 1133 kal.

287 1148 319 1174 X.
333 1147 390 1174 kal.

273 1191 320 1217 IX.
333 1191 389 1217 kal.

246 1233 321 1260 VIII.
335 1233 391 1260 kal.

258 1276 318 1302 VII.
332 1276 388 1303 kal.

271 1362 318 1389 VI.
331 1362 388 1389 kal.

289 1405 321 1432 V.
335 1405 391 1432 kal.

273 1448 320 1474 IV.
334 1448 390 1474 kal.

273 1492 321 1518 III.
335 1491 391 1517 kal.

290 1535 324 1561 II.
338 1533 393 1560 kal.

337 1705 393 1731 kal.

280 1747 326 1774 VI.
340 1757 402 1774 non.

278 1790 325 1816 IV.
338 1799 402 1816 non.

281 1833 328 1859 III.
342 1842 404 1859 non.

292 1876 326 1902 II.
340 1885 401 1903 non.

340 1928 403 1946 EOD-

252 1961 323 1987 VIII.
337 1961 374 1987 id.

267 2004 327 2031 VII.
341 2004 377 2031 id.

279 2089 326 2116 VI.
340 2089 376 2115 id.

293 2132 325 2159 V.
340 2132 376 2159 id.

280 2217 327 2244 IV.
342 2217 378 2244 id.

280 2260 327 2286 III.
342 2260 378 2287 id.

295 2303 328 2329 II.
343 2303 379 2330 id.

341 2346 378 2372 id.

238 2388 326 2415 XVII.
340 2389 396 2415 kal.

253 2431 327 2458 XVI.
342 2433 397 2459 kal.

270 2474 329 2501 XV.
344 2475 399 2502 kal.

255 2517 329 2544 XIII.
343 2518 398 2544 kal.

266 2602 326 2629 XII.
341 2603 396 2629 kal.

280 2645 327 2671 XI.
342 2646 397 2672 kal.

298 2688 330 2714 X.
344 2689 400 2715 kal.

281 2730 327 2756 IX.
342 2731 398 2757 kal.

440 2133 480 2159 11.

443 2219 482 2245 12.

442 2262 482 2288 13.

443 2305 483 2331 14.

443 2348 482 2373 15.

442 2390 481 2416 16.

445 2433 484 2458 17.

447 2476 486 2502 18.

443 2518 484 2544 20.

441 2604 483 2630 21.

443 2647 483 2672 22.

444 2689 485 2716 23.

442 2733 483 2759 24.

456 1706 482 2031 ΞΟΞΩΓῚΦΨΡΞΨΓ*

721 111 984 139 NECROLOGIUM
1003 110 1366 137 MALLERSDORFENSE.

527 204 622 234 Altfim
641 215 673 233 ex
693 209 787 233 nostra
806 205 1031 240 congregatione.

529 249 706 276 Eberhardus
724 257 803 283 ppOS.
822 248 978 275 Rohrensis.
1015 247 1126 274 Ulricus
1144 248 1204 281 pbr.
1224 249 1253 274 et
1270 255 1306 273 m.
1342 246 1469 273 Alheidis
1489 247 1526 274 la.

963 353 1134 389 IUNIUS.

469 441 474 447 .
528 419 746 454 Engelschaleus
766 428 807 446 ev.
827 428 859 446 ex
878 419 988 445 nostris.
1024 418 1167 445 Conradus
1185 418 1202 445 1.
1234 419 1351 445 Ioannes
1371 418 1434 444 abb.

524 463 687 490 Menchofus
706 463 750 489 ob.
786 462 927 488 Conradus
946 462 964 488 l.
984 462 1027 488 ob.
1063 461 1221 488 Hartwicus
1244 470 1279 488 m.
1298 462 1327 488 et
1345 460 1515 487 Wernherus
1539 469 1579 487 cv.
1600 461 1633 488 de
1655 460 1870 494 congregatione

584 507 686 531 nostra.

528 548 706 574 Meinhardus
725 547 786 581 pbr.
806 549 834 573 et
853 556 888 572 m.
908 555 941 572 ex
959 546 1069 573 nostris.

527 590 679 625 Sighardus
698 590 758 624 pbr.
777 591 806 616 et
824 598 859 615 m.
890 589 1023 615 Ernestus
1042 591 1071 615 et
1090 589 1194 623 Sophia
1212 588 1242 615 li.
1274 588 1432 615 Leonardus
1452 589 1513 623 pbr.
1533 590 1561 615 et
1579 597 1615 614 m.
1646 588 1833 615 Emmeramus
1852 588 1870 614 l.

530 634 673 660 Ottmarus
691 633 718 665 1.,
737 632 785 666 qui
804 632 949 666 praedium
969 631 1054 658 dedit.

528 674 626 703 Chfino
645 685 702 710 eps.
734 675 918 701 Berchtoldus
936 675 954 701 l.
974 675 1018 701 ob.

530 719 640 746 Ulricus
660 718 719 752 pbr.
740 720 768 744 et
787 727 822 744 m.
841 726 874 744 ex
893 717 1002 744 nostris.
1038 717 1149 744 Ulrious
1167 717 1292 744 subdiac.
1312 720 1340 744 et
1360 717 1523 744 Mechtildis
1541 716 1671 743 monialis
1689 726 1714 743 n.
1734 725 1777 751 eg.

528 762 661 788 Iordanus
680 762 740 795 pbr.
759 763 788 787 et
806 770 841 786 m.
861 769 894 786 ex
913 760 1022 787 nostris.

531 805 664 831 Friderun
684 806 712 830 et
730 803 836 830 Riohza
854 803 944 830 laicae
963 811 1105 837 personae.

528 847 662 874 Henricus
682 847 745 873 abb.
765 855 798 873 ex
817 846 893 872 Rott.
924 845 1080 872 Friderieus
1099 854 1142 871 cv.

529 891 695 917 Gotzbertus
714 892 742 916 et
761 890 822 915 Ava
841 889 870 915 li.
889 889 932 915 ob.

531 932 660 959 Alheidis
679 942 738 959 eva.
758 942 784 958 n.
805 941 846 966 cg.

533 976 665 1003 Albertus
684 975 702 1002 1.
722 984 804 1006 com..
824 975 872 1008 qui
890 975 1019 1009 praedia,
1038 974 1133 1001 vineas
1152 976 1180 1001 et
1199 973 1338 1000 familiam
1358 973 1443 1000 dedit.
1480 973 1632 1008 Regelindt
1650 981 1736 1000 coma.
1776 972 1872 999 Gisela

579 1019 622 1049 la..
642 1027 714 1052 quae
733 1018 819 1045 etiam
838 1017 983 1052 praedium
1003 1017 1089 1044 dedit.

531 1061 645 1088 Sarhelo
664 1062 724 1095 pbr.

527 1104 638 1138 Rapoto
658 1103 781 1130 Panholz
800 1103 818 1129 l.
848 1103 892 1129 Pr.
905 1103 1094 1129 Wernhardus
1112 1111 1148 1128 m.
1177 1101 1367 1128 Wernhardus
1386 1101 1404 1127 l.
1424 1103 1453 1127 et
1472 1110 1540 1128 uxor
1559 1101 1617 1128 eius
1636 1101 1758 1128 Iuditha.

530 1147 641 1173 Ulricus
659 1156 694 1173 m.
714 1156 739 1172 u.
759 1155 800 1180 cg.
831 1146 971 1172 Erhardus
989 1146 1048 1172 dee.

531 1190 701 1216 Wolframus
721 1198 762 1216 cv.
782 1197 815 1215 ex
834 1189 946 1215 nostris.

533 1232 669 1259 Henrieus
688 1242 724 1258 m.
744 1241 776 1259 ex
795 1232 905 1258 nostris.

469 1296 475 1303 .
528 1275 672 1302 Gertrudis
692 1278 720 1302 et
739 1275 903 1302 Elisabetha
916 1273 1024 1301 Viselin
1043 1274 1095 1301 lae.
1127 1273 1177 1300 Ob.
1197 1274 1296 1300 beatus
1314 1273 1491 1300 Burkhardus
1509 1273 1614 1308 primus
1633 1273 1696 1300 abb.
1715 1273 1798 1300 huius
1816 1273 1872 1301 Ioci

582 1327 653 1344 auno
675 1319 747 1345 1122.

530 1361 695 1388 Bertholdus
714 1361 740 1391 l..
760 1361 808 1394 qui
828 1360 972 1395 praedium
992 1359 1079 1387 dedit.

531 1405 611 1438 Eppo
630 1404 693 1430 abb.
713 1404 848 1430 secundus
867 1403 949 1429 huius
968 1403 1031 1429 loci.
1063 1402 1235 1434 Elisabetha,
1259 1402 1415 1429 Dieinuthis
1434 1404 1462 1428 et
1481 1401 1654 1429 Leukhardis
1673 1402 1725 1428 lae.
1745 1402 1788 1428 ob.

532 1447 622 1474 Gisila
642 1447 685 1478 la..
705 1455 777 1480 quae
796 1446 940 1480 praedium
960 1445 1046 1472 dedit.

530 1490 661 1516 Albertus
680 1490 698 1515 l.
718 1490 761 1515 ob.

536 1532 678 1559 Conradus
696 1532 759 1558 abb.
791 1531 947 1558 Fridericus
966 1531 1026 1565 pbr.
1046 1533 1074 1558 et
1093 1540 1128 1557 m.

966 1637 1133 1673 IULIUS.

536 1704 634 1731 Petrus
653 1703 718 1730 abb.

534 1747 706 1773 Liebhardus
725 1745 848 1772 subdiac.
867 1754 899 1772 ex
918 1745 1028 1772 nostris.
1065 1745 1207 1772 Dieiuudis
1226 1745 1301 1771 laica
1320 1753 1446 1779 persona.

535 1790 637 1816 Waldo
657 1790 682 1822 1.‚
701 1789 749 1822 qui
769 1789 913 1823 praedium
934 1789 1019 1816 dedit.
1056 1789 1182 1823 Rugerus
1202 1789 1262 1824 pbr.
1282 1791 1310 1816 et
1329 1799 1364 1816 m.
1384 1799 1416 1816 ex
1436 1789 1544 1816 nostris.

537 1832 672 1859 Henricus
691 1832 826 1859 scholaris
845 1833 878 1859 de
897 1832 1043 1859 Lindhart.
1080 1833 1211 1859 Albertus
1231 1841 1273 1859 ev.
1293 1832 1336 1859 ob.

535 1875 640 1902 Richza
659 1875 740 1902 abba.
762 1875 901 1902 Inferioris
920 1875 1092 1903 Monasterii.
1124 1875 1298 1902 Hermaunus
1320 1875 1380 1909 pbr.
1400 1878 1428 1902 et
1447 1884 1482 1902 m.
1513 1875 1666 1910 Mergardis
1686 1875 1722 1902 la.

535 1918 670 1945 Geroldus
689 1928 729 1945 cv.
749 1928 781 1945 ex
800 1919 911 1946 nostris.
948 1918 1123 1946 Eberhardus
1142 1919 1160 1946 l.
1180 1919 1223 1946 ob.

535 1961 601 1988 Otto
621 1961 681 1995 pbr.
701 1965 729 1988 et
747 1971 782 1988 m.
815 1962 882 1988 Otto
902 1963 919 1988 1.

535 2004 645 2031 Ulrious
665 2005 729 2031 abb.
760 2004 893 2032 Gebolsus
917 2005 987 2031 diae.
1007 2013 1040 2031 ex
1059 2005 1168 2031 nostris.
1206 2003 1305 2032 Chfino
1325 2004 1385 2038 pbr.
1421 2003 1591 2038 Gottpoldus
1611 2012 1651 2030 cv.
1683 2004 1841 2031 Isenbertus
1860 2004 1878 2030 1.

588 2047 714 2082 Rugerus
733 2047 807 2081 pleb.
828 2047 982 2082 Superioris
1001 2048 1173 2074 Monasterii.

537 2090 733 2116 Gottsehalcus
753 2090 813 2124 pbr.
844 2090 1012 2117 Bertholdus
1031 2091 1056 2121 1.,
1077 2090 1126 2124 qui
1144 2090 1290 2124 praedium
1309 2090 1394 2117 dedit.
1424 2089 1591 2116 Liukhardis
1610 2089 1646 2116 la.

534 2133 694 2159 Adalfridus
713 2133 776 2160 abb.
804 2133 871 2159 Otto
890 2133 953 2159 dux.
984 2133 1164 2167 Margaretha
1183 2133 1294 2160 ducissa
1313 2132 1458 2159 Bavariae.
1494 2132 1634 2159 Wilbirch
1653 2141 1685 2159 ex
1704 2135 1799 2160 nostra
1818 2141 1879 2159 con-

586 2175 758 2210 gregatione.
795 2175 906 2202 Nobilis
925 2176 1037 2202 domina
1056 2177 1225 2211 Magdalena
1245 2177 1278 2203 de
1300 2176 1474 2209 Hauusperg.

536 2218 591 2246 Leo
611 2228 666 2253 epS.
688 2219 898 2245 Ratisbonensis
918 2220 962 2245 ob.
983 2219 1091 2245 Ulrieus
1111 2219 1129 2245 1.

536 2261 683 2296 Wilbirgis
702 2262 735 2288 de
755 2261 907 2296 Truppach
927 2262 963 2288 la.
983 2262 1026 2288 ob.

537 2304 728 2331 Wernhardus
747 2314 780 2331 m.
801 2313 833 2331 ex
852 2304 962 2331 nostris.
999 2304 1154 2331 Fridericus
1174 2305 1234 2338 pbr.
1257 2305 1285 2330 et
1304 2313 1339 2330 m.
1358 2304 1391 2330 de
1412 2304 1500 2330 Pruel.
1532 2303 1678 2330 Heinricus
1697 2304 1715 2330 l.

537 2347 674 2374 Isenrieus
693 2347 756 2374 abb.
776 2347 804 2373 in
823 2347 1072 2381 Weihenstephan.
1110 2347 1237 2373 Alheidis
1258 2347 1293 2373 la.

536 2390 691 2416 Fridericus
709 2393 738 2417 et
756 2390 882 2416 Susanna
901 2399 969 2416 uxor
987 2390 1045 2417 eius
1065 2390 1098 2416 de
1117 2390 1296 2424 Etterstorph
1315 2390 1359 2416 ob.

539 2432 724 2467 Wolfgangus
744 2433 803 2466 pbr.
822 2435 851 2460 et
870 2443 904 2459 m.
924 2442 956 2460 ex
976 2433 1084 2460 nostris.
1121 2433 1231 2459 Ulricus
1251 2433 1268 2459 1.
1303 2433 1420 2459 Ioannes
1440 2431 1623 2459 scholasticus
1642 2431 1714 2458 Saxo
1734 2431 1776 2458 ob.

540 2475 703 2502 waltherus
722 2485 757 2502 m.
776 2485 802 2502 n.
822 2485 864 2510 cg.

538 2518 721 2551 Marquardus
732 2520 760 2545 et
773 2519 911 2545 Arnoldus
924 2518 1087 2546 subdiaconi
1101 2528 1133 2546 ex
1148 2518 1256 2545 nostris.
1284 2518 1388 2545 Bertha
1399 2518 1434 2544 la.
1466 2518 1533 2544 Otto
1547 2526 1607 2544 can.
1618 2517 1728 2545 Veteris
1740 2517 1880 2551 Capellae.

589 2561 767 2588 Waldramus
786 2562 849 2588 abb.
881 2562 1164 2596 Benedictopuranus.

536 2604 693 2630 Fridericus
713 2604 729 2630 1.

537 2646 693 2673 Fridericus
712 2647 729 2673 1.
750 2647 793 2673 ob.

540 2689 681 2716 Conradus
701 2690 765 2717 abb.
796 2689 964 2724 Altegundis
983 2689 1111 2715 monialis
1130 2698 1155 2715 n.
1176 2698 1218 2723 cg.

536 2732 711 2758 Eberhardus
730 2741 797 2759 eom.
825 2732 988 2759 Gebhardus
1001 2732 1018 2758 l.
1046 2732 1159 2759 Iuditha
1171 2732 1300 2759 monialis
1314 2742 1338 2758 n.
1353 2741 1394 2767 cg.
1426 2731 1607 2766 Margaretha
1620 2731 1648 2758 la
1671 2731 1714 2758 ob.
1727 2731 1882 2758 Alraminn.
