2085 2999
216 253 277 280 VII.
290 253 346 279 kal.

231 397 278 424 VI.
292 397 347 424 kal.

244 543 276 570 V.
291 543 347 570 kal.

227 595 274 622 IV.
289 595 345 622 kal.

231 690 279 716 ΠΙ.
293 690 349 717 kal.

242 845 276 871 II.
290 845 346 872 kal.

288 1119 344 1146 kal.

228 1171 274 1197 IV.
287 1179 352 1196 non.

230 1410 277 1436 ΙΙΙ.
291 1419 355 1436 non.

246 1513 280 1540 II.
294 1522 356 1539 non.

294 1573 356 1591 non.

203 1615 278 1642 VIII.
292 1615 328 1643 id.

218 1718 278 1745 V11.
292 1719 328 1745 id.

235 1856 279 1882 VI.
295 1856 333 1882 id.

248 1951 278 1976 V.
293 1951 330 1977 id.

234 2045 279 2071 IV.
294 2045 329 2071 id.

229 2097 277 2122 III.
291 2096 326 2123 id.

246 2234 281 2260 II.
295 2234 331 2260 id.

291 2285 326 2311 id.

179 2431 280 2458 XVIII.
294 2431 351 2458 kal.

391 253 432 279 26.

392 398 433 424 27.

393 543 434 569 28.

390 595 432 622 29.

395 690 435 717 30.

392 845 435 871 31.

392 2045 431 2072 10.

392 2097 431 2123 11.

396 2234 435 2260 12.

394 2286 432 2311 13.

398 2433 438 2459 14.

647 148 909 175 NECROLOGIUM
929 148 1100 173 ALTAHAE
1124 146 1345 174 SUPERIORIS.
1764 149 1826 178 229

478 234 649 276 &delricus
672 254 719 275 ov.
745 244 796 274 ob.
834 243 972 274 Perohta
991 243 1011 273 1.
1036 242 1112 274 ob..
1132 267 1159 273 ..
1195 241 1356 284 [Rfitlibus
1380 252 1426 272 ov.
1461 242 1572 283 Agnes
1594 242 1614 273 l.
1638 241 1689 273 ob.
1724 241 1826 272 Hain-

535 296 619 326 I'IOUS
642 296 662 326 l·
694 294 757 337 Ob·]
796 303 890 337 Agnes
909 303 926 329 1.
941 303 993 333 ob.‚
1013 303 1118 329 Cecilia
1132 303 1149 328 l.
1163 303 1216 331 ob..
1236 311 1334 328 uxores
1354 301 1429 328 Petri
1443 301 1645 335 Ursenpekehi,
1665 301 1707 327 his
1720 301 1828 327 duabus

534 346 648 380 plenum
670 346 791 372 officium
810 346 866 372 fiat.
905 346 1076 379 [Margareta
1096 345 1112 370 l.
1133 345 1176 371 ob.
1196 344 1273 370 dicta,
1291 344 1434 378 Aygnerin
1454 353 1526 370 anno
1545 343 1651 369 domini
1672 344 1755 377 1398]

479 389 610 432 [Albero
635 389 705 430 pbr.
730 392 763 420 et
785 400 826 420 m.
852 389 903 420 ob.
929 388 959 419 S.
977 388 1079 419 Mario
1103 388 1134 418 in
1150 387 1318 429 Winberg.
1359 387 1549 418 chunradus
1567 387 1587 417 l.
1605 387 1657 418 ob.
1674 387 1828 418 carnifex.

535 441 683 472 Alheidis
711 451 778 472 ova.
804 439 867 482 Ob.]
913 447 1100 482 Gregorius
1131 447 1197 481 pbr.
1229 448 1262 473 et
1289 456 1324 472 m.
1372 445 1469 479 [Navis
1496 446 1668 480 periclytata
1695 448 1738 472 est
1766 454 1828 472 cum

539 491 698 517 hominibus
717 491 776 517 200.
812 491 969 518 Katherina
988 491 1005 516 l.
1024 490 1068 516 ob.
1087 498 1158 516 anno
1177 489 1281 515 domini
1303 489 1369 515 1383
1387 488 1637 523 Stainbergarinn.]

480 534 664 566 Ortwinus*
687 535 708 565 1.
733 535 941 565 Aiterhoven.
989 525 1158 565 odalricus
1180 543 1262 574 puer
1286 533 1336 563 ob.
1373 540 1521 574 Gregorius
1548 540 1606 573 pbr.
1632 541 1661 565 et
1679 549 1714 566 m,
1739 549 1764 565 n.
1784 540 1828 566 ob.

476 586 674 617 Liuthardus
698 596 744 617 cv.
770 589 803 617 et
825 597 866 617 m.
892 586 942 617 ob.
979 585 1190 616 Gerhardus*
1214 584 1288 615 abb.
1313 595 1342 614 11.
1367 584 1418 614 ob.
1443 584 1496 624 pie
1520 584 1686 614 memorie.
1722 590 1827 617 Chun-

530 637 630 663 radus
649 646 695 663 ον.
716 639 748 663 et
768 646 802 662 m.
823 646 848 662 n.

481 682 670 714 Waltherus
694 693 740 713 cv.
765 682 796 713 S.
821 682 973 713 Iohannis
989 681 1207 722 Evangeliste.
1247 680 1417 711 Heinricus
1434 680 1503 721 pbr.
1527 683 1559 710 et
1574 689 1615 710 m.
1633 678 1664 709 S.
1682 678 1829 709 Maurieii

537 734 636 765 Altha
661 734 711 765 ob.
731 758 736 764 .
756 758 762 764 .
782 758 787 764 .
836 733 1064 776 [Gebehardus
1089 733 1157 774 pbr.
1184 735 1216 763 et
1239 743 1280 762 m.
1306 731 1423 763 Sancte
1447 731 1559 762 Mario.
1595 730 1722 761 Ulricus
1738 730 1758 760 1.
1776 729 1827 761 ob.

536 785 675 816 famulus
699 786 800 816 saneti
822 784 934 827 Petri]

480 837 666 878 Rfidigerus
689 837 757 878 pbr.
783 840 815 868 et
839 848 906 868 can.
933 836 984 868 ob.
1092 836 1245 867 Munster.
1294 834 1502 877 [Perhtoldus
1524 835 1544 865 l.
1570 834 1621 865 ob.
1656 833 1828 864 Hainricus

536 889 605 930 pbr.
631 892 664 920 et
687 899 727 920 m.
754 888 804 919 ob.
831 888 871 920 de
888 888 1019 919 Metem.
1059 887 1204 918 Kharolo
1222 887 1292 928 pbr.
1311 887 1361 918 ob.
1397 886 1565 917 Haedwich
1582 886 1601 916 l.
1620 885 1670 916 ob.
1706 885 1828 916 Perhta

536 941 555 971 l.
581 939 645 982 ob.]

918 1035 1088 1071 IUNIUS.

478 1110 588 1153 [Navis
612 1122 684 1142 cum
708 1110 890 1142 hominibus
900 1111 924 1150 ¹)
949 1111 980 1141 in
1004 1110 1162 1141 Daenubio
1187 1110 1369 1151 periclitata
1394 1108 1495 1150 est.2)]

475 1162 645 1193 Raffoldus
669 1173 715 1193 ev.
741 1166 773 1193 et
789 1173 830 1193 m.
849 1162 956 1193 Sancti
974 1162 1130 1193 Manricii.
1166 1161 1338 1192 Heinricus
1361 1171 1442 1202 puer
1466 1164 1498 1191 et
1513 1171 1554 1191 m.
1572 1171 1601 1190 n.
1620 1159 1671 1190 ob.
1706 1159 1829 1190 Perhta

537 1214 788 1244 sanctimonialis
812 1213 1026 1255 WVindiberge
1058 1213 1109 1244 ob.
1160 1212 1366 1255 [Perhtoldus
1395 1223 1441 1243 cv.
1472 1212 1523 1242 ob.
1558 1211 1588 1242 S.
1621 1211 1768 1242 Maurioii
1797 1211 1829 1241 in

535 1265 645 1296 Altah.
676 1265 885 1296 Eberhardus
902 1265 921 1296 l.
937 1266 987 1296 ob.
1003 1265 1042 1296 de
1057 1265 1220 1296 Weincer.
1255 1264 1427 1295 Hainrious
1442 1264 1461 1294 l.
1477 1263 1528 1294 ob.
1542 1261 1827 1304 Paumgarteriua]

538 1316 682 1342 Diemudis
710 1317 743 1342 la.
772 1316 815 1342 ob.
853 1316 960 1349 [Petrus
980 1317 1039 1350 pbr.
1060 1318 1088 1342 et
1107 1325 1142 1341 m.
1172 1315 1255 1341 Althe
1284 1315 1424 1342 Inferioris
1453 1314 1545 1341 dictus
1633 1323 1704 1340 anno
1724 1313 1828 1339 domini

538 1359 603 1386 1390
623 1359 651 1385 in
670 1368 742 1385 anno
762 1358 886 1392 iubileo]

478 1401 685 1445 [Perhtoldus
707 1403 726 1433 1.
753 1403 804 1433 ob.
829 1402 1031 1443 Stainperge.
1079 1401 1272 1432 Gebhardus
1295 1402 1315 1432 1.
1341 1401 1391 1432 01).
1426 1401 1620 1432 Ludowieus
1645 1401 1712 1442 pbr.
1738 1403 1770 1431 et
1786 1410 1827 1430 m.

535 1455 622 1495 prior
644 1455 675 1484 in
699 1453 831 1496 Meton]

481 1505 648 1536 Gotfx·idus
671 1516 712 1536 m.
738 1505 789 1536 ob.
813 1505 977 1546 Bruvinig.
1024 1512 1211 1539 Haeidenricus
1230 1512 1370 1546 scol(a1-is)
1391 1513 1434 1538 ob.
1463 1512 1606 1538 Diemudis
1625 1520 1684 1538 eva.
1703 1511 1746 1537 ob.

480 1557 646 1588 Adelbero
672 1557 741 1597 pbr.
767 1560 800 1587 et
822 1568 863 1587 m.
902 1556 1086 1587 Friderious
1110 1556 1129 1586 l.
1155 1555 1206 1587 ob.
1243 1555 1445 1597 [chunradus
1469 1556 1489 1586 l.
1514 1555 1554 1586 de
1578 1555 1744 1597 Netzstal]

476 1609 672 1640 Perhtoldus
706 1619 787 1649 puer
815 1608 866 1639 ob.
912 1608 1041 1639 Mathilt
1074 1608 1093 1639 1.
1127 1608 1177 1638 ob.
1225 1606 1406 1649 [Heinrious
1441 1607 1460 1637 l.
1490 1607 1541 1638 ob.
1572 1607 1613 1638 de
1636 1607 1701 1646 W„
1736 1609 1829 1648 pater

535 1660 688 1702 Andrea]

478 1711 644 1753 [Martinus
672 1722 753 1752 puer
783 1711 834 1742 ob.
876 1710 1066 1742 Chunradus
1101 1721 1147 1741 ov.
1177 1714 1210 1741 et
1241 1721 1282 1741 m.
1311 1721 1340 1741 n.
1371 1709 1434 1752 ob.]
1473 1717 1628 1744 Hertwieus
1657 1726 1696 1743 cv.
1725 1717 1767 1743 ob.
1795 1716 1828 1742 de

537 1762 689 1795 Strubinga
707 1764 804 1788 sartor.
842 1762 939 1793 Gisfla,
961 1761 1089 1788 Alhaidis
1108 1770 1170 1787 cum
1185 1770 1271 1795 puero
1287 1761 1320 1787 le.
1336 1761 1378 1787 ob.
1393 1761 1420 1786 in
1440 1761 1507 1786 Furt
1526 1760 1554 1786 in
1574 1762 1654 1787 nocte
1674 1769 1723 1794 per
1735 1760 1828 1793 ignem

537 1814 554 1830 a
573 1805 728 1831 latronibus
747 1805 913 1836 suffocate.³)
950 1805 1084 1838 [Andreas
1104 1805 1121 1830 l.
1141 1804 1248 1830 occisus
1267 1805 1309 1830 ob.
1330 1813 1401 1830 anno
1421 1803 1525 1829 domini
1547 1804 1611 1829 1375
1632 1803 1759 1836 Haibek]

480 1847 664 1890 Rfidigel'us
688 1849 708 1879 l·
734 1849 785 1879 Ob.
811 1849 943 1879 OCCiSUS-
990 1856 1164 1882 Eberhardus
1189 1864 1242 1882 sao.
1268 1856 1311 1882 ob.
1340 1864 1399 1881 can.
1418 1856 1451 1880 de
1466 1876 1470 1880 .
1485 1876 1510 1881 ..
1530 1855 1696 1888 Hasolpeeh.
1734 1854 1829 1888 [Pater

540 1899 664 1925 Andreas
684 1899 866 1930 Pentzkoffer,
887 1907 965 1933 ppos.
985 1898 1014 1924 in
1033 1899 1110 1925 Cella
1130 1899 1230 1924 Sancte
1251 1898 1386 1928 Elizabet,
1407 1906 1478 1924 anno
1499 1898 1608 1931 (14>98.]

479 1942 683 1984 Reginherus
712 1943 782 1984 pbr.
812 1946 844 1974 et
867 1954 908 1973 m.
934 1942 984 1973 ob.
1016 1942 1047 1973 S.
1072 1942 1227 1973 Mauricii.
1278 1941 1460 1983 [Heinricus
1488 1941 1507 1972 1.
1533 1940 1595 1983 ob.]
1650 1949 1783 1975 Ditliudis
1810 1949 1826 1974 1,

538 1994 580 2020 ob.
601 2015 606 2019 .
622 2014 644 2020 ..
665 1994 699 2020 (le
718 1994 793 2024 Furt,
813 1995 903 2020 mater
922 2015 927 2020 .
943 2013 948 2019 .
963 2014 968 2019 .
988 1993 1046 2019 Uh·.
1074 1993 1255 2019 March-ardus
1275 1993 1292 2018 l.
1312 1993 1356 2018 ob.
1393 1991 1555 2025 Dymudis
1575 2000 1621 2017 cv.

477 2037 663 2069 Ruthardus
687 2048 749 2068 sac.
776 2041 808 2068 et
830 2049 871 2068 1n.
897 2037 948 2068 ob.

478 2088 590 2119 Chuno
616 2100 681 2130 eps.
707 2089 757 2119 ob.
782 2089 971 2130 Ratispone.
1010 2088 1136 2130 [Poppo
1161 2087 1234 2118 abb.
1261 2087 1300 2117 de
1317 2086 1465 2117 Inferiori
1482 2085 1578 2128 Alta.]
1614 2094 1746 2128 [Ti1-01fus
1760 2094 1828 2120 civis

537 2140 676 2173 Streibing
695 2148 766 2165 nuno
786 2139 890 2165 domini
909 2140 952 2165 M.
965 2159 970 2165 .
983 2160 988 2165 .
1001 2139 1072 2164 LXX
1085 2159 1090 2164 .
1105 2159 1109 2164 .
1122 2159 1126 2164 .
1139 2138 1186 2171 1⁴),
1214 2138 1326 2172 plenum
1353 2137 1473 2163 officium
1494 2137 1550 2168 fiat,
1570 2137 1776 2163 ministrabitur
1794 2137 1827 2163 de

537 2183 671 2215 abbatia]

482 2225 645 2268 [Albertus
669 2237 731 2257 sac.
835 2225 865 2256 S.
890 2225 992 2256 Mario
1016 2225 1146 2266 virginis
1160 2224 1371 2265 Windeberg.
1408 2223 1628 2264 Chfinigundis
1652 2224 1670 2254 l.
1696 2222 1758 2264 ob]

478 2277 673 2309 Rahewinus
702 2278 722 2308 1.
755 2278 806 2308 ob.
837 2277 877 2308 de
905 2277 1032 2308 Menna.
1078 2276 1235 2308 Rihchart
1265 2287 1311 2307 cv.
1342 2276 1392 2306 ob.
1422 2286 1483 2306 sor.
1513 2286 1579 2306 nra.
1626 2273 1828 2317 [Ohfinradus

537 2329 606 2370 pbr.
632 2333 664 2360 et
686 2340 727 2360 m.
752 2329 803 2360 Ob.
830 2329 938 2360 sancti
967 2329 1113 2359 Maul'ICIi
1138 2326 1258 2369 Altha.]
1316 2335 1430 2369 [Cecilia
1453 2344 1511 2360 eva,
1531 2335 1587 2364 0b.,
1617 2335 1696 2360 Anna
1719 2334 1755 2359 la..
1782 2333 1824 2359 ob.

538 2389 643 2406 sorores
661 2380 790 2413 Dietzin.]

484 2423 680 2465 [Chunigunt
712 2435 757 2454 CV.
786 2434 852 2454 nra.
883 2423 933 2454 ob.
980 2423 1102 2454 Perhta
1126 2433 1194 2453 ova.
1218 2422 1249 2453 S.
1267 2422 1414 2453 Maurioii
1438 2421 1488 2452 ob.
1534 2420 1738 2451 Reinhardus
1762 2429 1825 2450 sae.

540 2475 570 2505 S.
595 2475 697 2506 Mari&
721 2475 942 2516 Winllebel·ge
968 2473 1032 2516 Ob.]
1070 2482 1226 2508 Hartwicus
1245 2482 1262 2507 1.
1282 2481 1324 2507 ob.
1339 2489 1419 2506 cocus
1432 2489 1457 2505 n.
1485 2479 1620 2505 Hanrieus
1640 2479 1657 2504 1.
1673 2479 1716 2505 ob.
1736 2479 1827 2504 iunior

537 2525 708 2559 Genpecher.
744 2526 861 2551 Hemma
880 2534 939 2551 eva.
959 2525 1002 2551 ob.
1041 2524 1242 2559 [Chunigundis
1262 2525 1279 2550 l.
1305 2524 1349 2549 ob.
1372 2532 1444 2549 anno
1468 2522 1572 2548 domini
1600 2522 1695 2555 137315)
1714 2521 1823 2555 Eninn.]

283 2680 302 2711 ¹)
322 2680 363 2706 B:
383 2689 445 2706 cum
458 2679 616 2706 hominibus
629 2679 688 2706 200.
778 2680 799 2711 ²)
820 2679 896 2705 Haec
914 2682 979 2704 nota
998 2679 1027 2704 rin
1041 2679 1072 2705 B.
1089 2683 1127 2705 27.
1142 2679 1213 2704 Maii
1225 2678 1359 2710 adscripta
1377 2679 1421 2702 est.
1512 2677 1532 2708 ³)
1552 2675 1587 2701 In
1600 2675 1634 2701 B.
1647 2674 1684 2700 ad
1698 2680 1733 2701 11.
1748 2675 1825 2700 Iunii

176 2722 297 2756 Ieyimus:
328 2723 441 2757 Gysila,
475 2723 611 2757 Alhaydis
637 2723 655 2749 l.
682 2731 698 2748 a
726 2721 883 2748 latronibus
915 2722 1114 2755 concremat(e)
1145 2722 1173 2747 in
1205 2721 1273 2747 Furt
1301 2720 1369 2746 villa
1396 2721 1490 2745 nostra
1522 2727 1584 2744 cum
1612 2726 1698 2751 parvo
1732 2726 1826 2751 puero.

178 2766 199 2798 ⁴)
216 2766 273 2791 sime
292 2766 373 2792 dubio
391 2765 547 2798 explendum
566 2769 617 2792 est:
638 2766 710 2792 1391.
819 2766 838 2797 δ>
857 2765 986 2790 Primitus
1005 2765 1132 2797 scriptum
1151 2767 1221 2790 erat:
1243 2764 1316 2790 1383.
