2085 2999
226 107 264 137 76

336 287 391 313 kal.

338 339 398 356 non.

339 373 374 398 id.

277 417 323 442 xl.
337 416 392 442 kal.

290 459 323 485 X.
336 459 391 485 kal.

261 545 321 571 VII.
334 545 389 571 kal.

275 587 321 614 IV.
335 588 391 614 kal.

337 742 392 769 kal.

250 785 323 811 VIII.
338 785 373 811 id.

252 829 323 854 XIX.
337 828 391 855 kal.

239 872 310 898 XVI.
335 872 389 898 kal.

274 914 320 941 IV.
334 915 389 941 kal.

250 1068 324 1095 VIII.
338 1069 374 1095 id.

260 1113 321 1139 XII.
337 1113 393 1139 kal.

274 1200 320 1226 IX.
334 1199 390 1226 kal.

278 1243 325 1268 III.
339 1242 395 1269 kal.

278 1397 324 1423 IV.
338 1406 400 1424 nou.

261 1441 322 1468 VII.
335 1441 390 1467 kal.

283 1595 329 1622 IV.
342 1604 404 1622 non.

294 1639 327 1665 II.
341 1647 404 1664 non.

340 1681 376 1708 id.

250 1767 323 1793 XVI.
336 1767 393 1794 kal.

280 1810 326 1836 XI.
337 1810 393 1837 kal.

284 1964 329 1991 IV.
344 1974 406 1991 non.

238 2051 322 2077 XVII.
336 2052 390 2077 kal.

277 2137 322 2163 XI.
337 2138 391 2163 kal.

263 2180 322 2206 VII.
337 2180 391 2206 kal.

455 287 476 313 l.

453 331 476 355 7.

437 373 477 398 15.

438 416 478 441 22.

437 458 478 484 23.

435 545 476 570 26.

435 588 476 614 29.

441 829 479 854 14.

437 873 476 899 17.

434 914 474 940 29.

437 2138 478 2164 22.

438 2181 479 2207 26.

801 100 1066 128 NECROLOGIUM
1085 101 1295 128 ATTILENSE.

955 216 1125 252 IULIUS.

530 285 581 311 Ob.
601 284 667 310 Otto
686 283 793 310 iuvenis
812 292 880 310 com.
900 284 927 310 in
946 283 1138 317 Wasserburg.

529 329 579 355 Ob.
600 326 725 354 dominus
744 327 906 353 Walthasar
926 327 989 354 abb.
1009 327 1037 353 in
1057 327 1144 354 Sewn.
1181 326 1230 354 Ob.
1251 326 1376 353 dominus
1396 325 1533 353 Erhardus
1551 326 1614 353 abb.
1635 326 1662 353 in
1681 327 1769 354 Sewu.

532 371 580 398 Ob⁴
602 371 732 398 Albertus
751 371 856 405 primus
875 370 938 397 abb.
957 370 985 396 in
1004 370 1093 397 Sewn.

535 415 584 441 Ob.
605 414 731 441 dominus
750 413 941 448 Haydenrieus
960 413 1022 440 abb.
1042 413 1070 439 in
1089 407 1159 440 fittl.

533 458 584 484 Ob.
603 458 744 484 Conradus
763 457 870 483 (ἰῶ-1331·
888 459 916 484 et
934 456 1078 483 Diemudis
1096 465 1165 483 uxor
1183 456 1254 487 eius,
1279 455 1326 490 qui
1349 455 1527 482 contulerunt«
1550 455 1630 483 nobis
1648 456 1681 483 32
1696 457 1716 489 ᾧ,
1737 456 1770 483 de
1789 456 1869 483 domo

581 509 630 527 sua.
649 500 678 526 in
698 500 888 534 Wasserburg.

531 543 581 570 Oh.
601 543 742 577 Nyeolaus
761 543 825 569 abb.
844 543 873 569 in
891 537 961 569 ᾸῖὴΙ.

531 586 580 613 Ob.
600 586 780 621 Margaretha
798 587 889 613 mater
906 585 1022 612 Mastini
1041 585 1161 612 abbatis.

914 674 1177 711 AUGUSTUS.

533 742 582 768 Ob.
604 741 754 776 Herfflngus
773 741 835 767 abb.
856 741 885 767 in
907 735 974 767 Kttl.

531 785 580 811 Ob.
600 784 726 811 dominus
746 784 893 810 Udalrieus
912 793 990 818 ppos.
1010 784 1037 810 in
1059 784 1218 818 Paunburg.

533 828 583 854 Ob.
603 827 744 861 Seyfridus
763 827 826 853 abb.
846 836 872 853 n.
892 836 934 861 eg.

530 871 580 898 Ob.
600 870 727 898 dominus
747 869 888 897 Conradus
907 870 1087 904 Spillwerger
1106 869 1170 896 abb.
1191 869 1218 895 in
1237 868 1300 896 R6ss.

529 914 579 941 Ob.
599 914 724 940 domiuus
744 913 820 940 Pabo
839 913 903 940 abb.
923 913 951 939 in
971 907 1040 940 ssttl.

895 1002 1202 1038 SEPTEMBRIS.

534 1069 583 1096 Ob.
603 1069 729 1096 dominus
749 1069 884 1104 Georgius
904 1071 1112 1104 Antzenperger
1131 1069 1194 1096 abb.
1213 1070 1242 1095 in
1261 1063 1322 1097 Attl
1342 1070 1416 1097 1463.

535 1113 585 1140 Ob.
605 1112 788 1147 Engelbertus
808 1121 890 1145 com„
914 1113 1050 1139 secundus
1068 1113 1200 1139 fundator
1217 1112 1300 1139 huius
1319 1112 1481 1140 monasterii
1501 1106 1570 1144 thl,
1592 1111 1657 1138 1087
1676 1112 1705 1138 eb
1725 1109 1870 1137 Mathildis

584 1165 651 1182 uxor
670 1155 736 1187 eius,
756 1156 902 1182 Ekhardus
921 1158 950 1183 et
968 1156 1107 1183 Dietrious
1125 1155 1176 1182 filii
1195 1155 1262 1183 eius.

531 1198 581 1226 Ob.
602 1198 726 1225 domiuus
746 1199 904 1226 Rudbertus
923 1199 986 1226 abb.
1006 1199 1034 1225 in
1054 1193 1123 1226 Am.

475 1263 480 1268 .
535 1242 584 1269 Ob.
604 1242 730 1269 dominus
749 1242 926 1269 Leonhardus
946 1242 1009 1269 abb.
1029 1242 1056 1268 in
1075 1242 1291 1269 Weihensteven
1312 1242 1386 1269 1484.

926 1331 1176 1367 OCTOBRIS.

533 1396 582 1423 Ob.
602 1396 765 1423 Gebhardns
784 1396 896 1423 Vitulus
915 1397 978 1423 abb.
997 1397 1025 1423 in
1044 1396 1286 1423 Raitteuhaslach.

531 1440 580 1466 Ob.
600 1439 724 1467 dominus
744 1440 883 1466 Conradus
902 1440 965 1467 abb.
985 1440 1014 1466 in
1034 1440 1160 1466 Werdea.

905 1529 937 1565 N
939 1529 1192 1566 OVEMBRIS.

536 1594 586 1621 Ob.
606 1594 732 1621 dominus
753 1595 891 1621 Erhardus
910 1595 974 1621 abb.
994 1594 1022 1620 in
1042 1594 1129 1621 Sewn.

536 1638 585 1664 Ob.
607 1637 733 1664 dominus
753 1638 911 1671 Gyntherus
931 1637 995 1663 abb.
1014 1637 1043 1663 iu
1062 1631 1130 1664 Attl.

534 1681 584 1707 Ob.
603 1681 728 1707 dominus
742 1681 897 1707 Fridericus
915 1680 978 1707 abb.
993 1680 1021 1706 in
1035 1674 1104 1711 Mtl,
1123 1680 1171 1714 qui
1191 1680 1309 1706 contulit
1328 1679 1475 1706 couventui
1490 1680 1506 1706 3
1519 1683 1534 1712 ρ’
1552 1679 1580 1705 iu
1594 1679 1683 1713 Dicug
1703 1687 1751 1712 pro
1766 1677 1870 1712 vigiliis

584 1725 612 1750 et
630 1724 714 1750 missa
733 1733 781 1758 pro
801 1723 947 1755 defunctis,
967 1723 1099 1750 fundator
1117 1723 1199 1750 misse
1218 1724 1253 1750 ad
1272 1723 1297 1750 S.
1317 1723 1454 1749 Iodocum.

534 1766 584 1793 Ob.
604 1766 750 1794 Hainricus
769 1767 831 1794 abb.
853 1767 881 1793 in
901 1766 1142 1793 Raittenhaslach.

476 1830 481 1836 .
535 1810 585 1837 Ob.
606 1810 703 1837 Petrus
723 1819 801 1845 ppos.
820 1810 849 1836 in
868 1811 925 1836 Aw.

912 1899 1190 1935 DECEMBRIS.

538 1965 587 1991 Ob.
608 1965 734 1991 dominus
754 1964 928 1991 Eberhanlus
947 1965 1083 1999 archieps.
1102 1965 1331 1999 Saltzburgensis,
1351 1965 1398 1998 qui
1418 1964 1538 1991 contulit
1556 1963 1636 1990 nobis
1650 1963 1868 1997 Wasserburg1),

585 2009 658 2034 1246.

530 2051 579 2077 Ob.
606 2051 732 2077 domiuus
761 2052 895 2077 Iohannes
922 2061 979 2085 eps.
1008 2051 1178 2079 Sardicensis
1196 2052 1401 2085 suffraganeus,
1429 2051 1566 2085 professus
1594 2049 1622 2076 in
1642 2049 1867 2080 Weihensteven,

586 2095 658 2121 1479.
697 2094 746 2120 Ob.
766 2095 797 2120 sr.
818 2094 953 2120 Iohannes
972 2095 1046 2128 pleb.
1066 2094 1094 2120 in
1115 2094 1244 2121 Pilssirsee.

531 2137 581 2163 Ob.
601 2137 728 2163 dominus
747 2137 882 2164 lohannes
902 2137 989 2163 Steidl
1009 2137 1071 2163 abb.
1092 2137 1119 2163 in
1140 2137 1210 2164 Attl.

533 2180 582 2206 Ob.
603 2180 729 2207 dominus
748 2179 872 2206 Allexius
891 2180 954 2207 abb.
974 2180 1003 2206 in
1022 2180 1076 2207 Rdt
1097 2180 1170 2206 1484.

332 2344 351 2375 ¹)
371 2344 475 2370 Manus
493 2345 620 2371 rcccntim‘
637 2344 792 2378 adscm'psit:
814 2344 890 2377 „Non
909 2346 952 2372 cst
970 2344 1018 2376 ita,
1038 2354 1088 2379 pro
1108 2345 1291 2379 Wasserburg
1309 2345 1455 2380 legendum
1476 2344 1613 2378 Eislfing.“
