2085 2999
811 119 1075 147 NECROLOGIUM
1095 119 1314 146 STAMSENSE.

240 129 279 157 50

281 220 340 245 Vll.
356 219 410 244 kal.
456 219 496 244 223.
551 218 601 243 011.
621 217 705 244 Getza
733 216 766 242 de
794 215 895 246 Li‘iseny
920 215 987 241 item
1011 214 1158 241 Elizabeth
1181 215 1210 240 et
1234 213 1355 248 Liepurg
1378 221 1490 240 sorores.
1532 213 1668 240 Iohannes
1692 215 1721 240 et
1738 222 1807 240 uxor
1825 213 1884 241 eius

599 260 631 286 ile
650 259 792 286 Wertaoh.
830 259 900 285 Item
919 257 1060 285 Comadus
1079 257 1113 283 de
1132 257 1274 284 Wertaoh.

293 305 339 331 Vl.
354 305 408 330 kal.
454 304 495 330 ⁴34.
549 302 682 329 Memoria.
701 302 807 329 domini
820 301 945 328 Udalrici
963 301 997 327 de
1016 301 1229 334 Gemarssgaw.
1266 300 1315 326 Ob.
1336 300 1472 327 Iohannes
1486 300 1585 326 Vasser
1603 300 1636 326 de
1654 300 1765 327 Erwald
1784 301 1884 335 hospes

600 347 693 372 noster
713 347 739 372 et
760 345 840 371 Anna
859 354 926 372 uxor
945 345 1019 375 eius,
1046 346 1176 378 parentes
1195 343 1266 375 eius,
1294 343 1345 369 filii
1364 345 1392 369 et
1410 342 1479 374 filie;
1508 342 1591 370 missa
1619 344 1749 370 cantatur
1775 344 1830 370 sibi
1848 345 1883 370 ad

601 388 733 414 Sanctum
753 388 904 414 Iohannem
923 397 972 421 pro
992 386 1140 418 defunctis,
1165 395 1215 420 pro
1234 395 1289 420 qua.
1314 385 1391 413 dedit
1410 385 1496 412 libras
1514 388 1634 419 quatuor
1651 387 1687 412 ad
1706 386 1884 420 pietanciam.

597 431 715 458 Domina
734 430 912 465 Cunegnndis
931 431 964 457 de
983 429 1148 461 Werthaim,
1168 438 1235 456 uxor
1253 429 1362 456 comitis
1381 429 1534 456 Eberhardi
1553 429 1586 456 de
1605 429 1768 464 Kirehperg.

308 486 339 511 V.
353 485 408 511 kal.
454 486 495 511 25.
551 484 667 510 Domina
686 483 866 517 Margaretha
885 482 989 509 domini
1008 481 1151 516 Rudolphi
1169 481 1304 507 Mfilsarii.

292 529 336 554 IV.
350 529 405 554 kal.
451 529 492 555 26.
546 529 626 553 Anna
645 527 767 554 Seloesin
786 528 814 553 et
833 525 928 553 mariti
947 525 997 552 sui.
1035 525 1084 552 Ob.
1105 524 1232 551 dominus
1251 525 1392 551 Couradus
1411 524 1549 558 quondam
1569 524 1643 558 pleb.
1663 524 1692 550 111
1710 524 1882 559 Mittelperg,

598 570 646 604 qui
666 572 771 596 certam
785 569 965 604 pecuniarum
984 577 1119 595 summam
1138 577 1169 594 ac
1185 569 1349 602 perpetuam
1369 567 1403 594 ad
1417 567 1587 601 pietanciam
1606 567 1712 602 legavit
1726 567 1882 594 conventui.

290 615 336 640 111.
351 615 407 640 kal.
452 615 492 641 27.
548 613 721 640 Cristofferus
740 612 874 639 Haidfalk
894 613 922 638 et
941 621 1009 638 uxor
1027 612 1093 639 eius.

306 658 338 684 II.
352 658 408 684 kal.
453 658 494 684 25.
549 656 598 683 Ob.
633 655 760 683 domiuus
784 655 947 682 Waltherus
978 655 1144 689 cappilanus
1174 656 1202 681 et
1230 654 1368 681 confessor
1397 653 1583 681 illustrissime
1618 653 1739 685 domine,
1773 653 1882 681 domine

598 698 742 732 Elienoris,
762 698 856 733 regine
877 698 971 725 scocie
991 699 1019 725 et
1038 697 1145 725 ducisse
1165 697 1284 724 Austrie.

955 822 1180 859 MARTIUS.

351 898 406 924 kal.
472 899 493 924 l.
547 897 688 924 conradus
707 897 740 924 de
760 898 839 931 Mays
859 900 887 924 et
906 906 973 924 uxor
991 906 1041 924 sna
1060 897 1231 924 Adelhaidis.
1269 897 1402 931 Georgius
1421 897 1529 932 Spreng
1546 896 1688 924 saltzmair
1707 906 1739 923 zu
1758 896 1831 922 Han.

292 941 337 967 VI.
351 950 414 968 non.
467 942 491 967 2.
545 941 725 975 Margaretha.
744 941 930 968 Friendnerin.

310 984 340 1010 V.
354 994 416 1013 non.
469 986 493 1011 3.
547 984 597 1010 Ob.
616 984 743 1011 dominus
763 984 904 1010 Conradus
924 983 1091 1010 venerabilis
1109 984 1174 1010 abb.
1193 983 1289 1010 domus
1308 983 1390 1010 huius
1410 983 1484 1010 1369.
1522 982 1631 1009 Uli-icus
1650 992 1690 1009 ev.

291 1028 411 1053 lV.n0n.
464 1028 489 1053 4.
544 1027 594 1053 Ob.
618 1027 822 1053 illustrissimus
850 1026 993 1060 princeps.
1021 1026 1147 1053 dominus
1175 1026 1378 1061 Sigismundus,
1405 1025 1540 1052 archidux
1559 1025 1670 1052 Austrie
1697 1027 1765 1057 ete„
1794 1034 1883 1052 comes

596 1070 717 1101 'Pii-ollis,
739 1070 812 1096 1496.
849 1069 999 1096 Hainricus
1018 1069 1108 1096 dietus
1127 1069 1293 1104 Hiertzberg
1316 1071 1345 1096 et
1368 1078 1436 1095 uxor
1457 1078 1507 1096 sua,
1531 1068 1687 1103 Hedwigss,
1713 1068 1780 1095 item
1804 1069 1883 1095 Adel-

597 1112 689 1138 haidis
708 1122 776 1139 uxor
794 1112 898 1139 domini
918 1112 1044 1139 Hainrici
1062 1112 1228 1147 Hiertzberg
1245 1112 1367 1143 iunioris.
1386 1112 1477 1138 missa.

294 1157 417 1182 11111011.
473 1157 497 1182 5.
551 1155 684 1182 Dominus
709 1156 850 1182 Com-udus
872 1156 905 1183 de
931 1155 1154 1182 Sehrovenstain.
1196 1156 1268 1183 Item
1291 1156 1402 1182 domina.
1430 1155 1574 1182 Elizabeth
1598 1164 1665 1182 uxor
1692 1154 1824 1181 Friderici
1849 1154 1882 1181 de

600 1199 684 1226 Eben.
722 1199 885 1225 Cristannns
905 1199 1028 1226 Tenzler.
1066 1199 1185 1226 Thomas
1204 1199 1288 1225 Kried
1307 1199 1434 1226 officialis
1452 1201 1545 1226 noster
1563 1198 1592 1225 in
1611 1198 1758 1225 Faucibus.

306 1243 338 1268 II.
353 1252 414 1269 non.
467 1244 491 1268 6.
549 1243 598 1269 Ob.
619 1242 773 1269 Fridericus
793 1243 826 1269 de
846 1242 1050 1269 Sorovenstain.
1087 1243 1157 1269 Item
1178 1242 1287 1269 Ulricus
1305 1242 1412 1269 Leiner.
1449 1243 1518 1269 Item
1537 1242 1669 1276 Strorigel
1690 1242 1722 1268 de
1742 1240 1841 1267 Hallis.

351 1295 412 1312 non.
469 1287 491 1312 Τ.
545 1286 630 1312 Pater
649 1288 677 1312 et
687 1288 776 1312 mater
795 1287 823 1312 et
837 1286 922 1312 frater
935 1285 1039 1312 domini
1052 1285 1140 1312 Ulrici
1160 1286 1193 1313 (le
1206 1286 1398 1320 Germarsgaw
1416 1284 1601 1312 benefactoris
1620 1284 1715 1311 nostri.
1750 1283 1883 1311 Memoria

598 1329 729 1355 Iohannis
748 1329 919 1362 Leyderman
933 1329 1002 1355 civis
1019 1328 1250 1360 Frankfordensis,
1271 1337 1384 1355 uxorum
1403 1337 1513 1355 suarum
1527 1328 1704 1362 Margarethe
1724 1330 1752 1354 et
1771 1327 1883 1358 Helene,

597 1372 819 1406 progenitorum,
844 1371 961 1398 filiorum
986 1375 1013 1398 et
1041 1371 1160 1398 filiarum
1189 1372 1336 1398 eorundem
1360 1371 1485 1398 vivorum
1516 1373 1544 1397 et
1571 1371 1770 1398 defunctorum.
1816 1370 1884 1396 Con-

597 1415 679 1441 radus
699 1424 739 1441 ev.

265 1458 338 1484 VIII.
353 1458 388 1484 111.
469 1460 493 1485 8.
548 1459 684 1485 lohannes
703 1459 736 1485 de
756 1459 946 1492 Nurenberga.
983 1458 1151 1485 Wilhelmus
1170 1458 1203 1485 de
1223 1457 1348 1485 Pomerio
1368 1467 1402 1484 m.
1423 1460 1451 1485 et
1470 1467 1524 1485 sac.

281 1501 339 1527 VII.
355 1501 392 1529 id.
471 1504 493 1528 9.
549 1501 667 1528 Domina
687 1501 809 1528 Cristina
827 1501 885 1528 filia
904 1501 1049 1528 Gotsalchi
1069 1502 1102 1529 de
1123 1502 1286 1535 Hertnberg.

295 1544 341 1570 VI.
356 1544 391 1571 id.
455 1545 494 1571 10.
550 1544 667 1571 Domina
693 1545 806 1579 Angues
833 1554 900 1571 uxor
927 1545 1033 1572 domini
1064 1544 1189 1571 Hainrici
1216 1544 1347 1571 Austarii.
1386 1545 1455 1572 Item
1483 1544 1652 1572 Ger-ndrudis
1675 1554 1743 1571 uxor
1762 1542 1884 1578 Rudgeri

596 1588 628 1614 de
648 1587 828 1615 Zwisslstain.
866 1588 998 1614 Dominus
1016 1588 1184 1614 Benedictus
1203 1588 1265 1614 abb.
1286 1587 1314 1614 in
1333 1588 1513 1622 Oberualtag.
1550 1588 1686 1615 Iohannes
1704 1587 1823 1622 Weigel.

306 1631 338 1657 V.
353 1630 388 1657 id.
453 1631 492 1656 11.
547 1631 716 1658 Wernherus
735 1631 817 1658 iudex
836 1631 869 1657 de
888 1631 1082 1665 Herntenberg
1102 1633 1130 1658 et
1148 1631 1259 1665 Angues
1279 1640 1347 1657 uxor
1365 1631 1431 1657 eius.
1469 1631 1578 1658 Ulricus
1598 1631 1688 1658 dietus
1708 1630 1883 1664 Chrichponi.

596 1675 667 1700 Item
695 1676 788 1709 Agnes
815 1684 883 1701 uxor
910 1674 1035 1701 Hainrici
1066 1674 1196 1701 Stoklini.
1240 1674 1387 1701 Hainricus
1414 1674 1504 1701 dietus
1526 1674 1641 1700 Renner.
1684 1672 1832 1700 Haimicus
1851 1672 1884 1699 de

598 1717 804 1752 Wilramiugen
823 1726 917 1744 servus
936 1717 1062 1752 portarii.

294 1760 338 1785 IV.
352 1759 389 1786 id.
456 1761 493 1786 12.
548 1760 689 1786 Conradus
708 1761 813 1794 Hyrtus
831 1763 859 1788 et
879 1761 1026 1787 Mathildis
1046 1769 1113 1787 uxor
1137 1770 1195 1787 sua.
1233 1761 1320 1787 Nota:
1340 1760 1511 1794 competenti
1529 1759 1574 1786 die
1594 1761 1657 1793 post
1675 1759 1801 1793 Gregorii
1821 1767 1882 1785 ean-

596 1805 671 1830 tetur
690 1803 813 1830 officium
837 1804 871 1830 ad
891 1804 1023 1830 Sanctum
1044 1804 1194 1831 Iohannem
1214 1805 1242 1830 et
1264 1804 1402 1830 habeatur
1427 1803 1559 1830 memoria
1582 1802 1729 1829 Bertholdi
1752 1803 1830 1829 Koch
1850 1802 1883 1829 de

598 1847 770 1880 campidona
789 1850 817 1874 et
837 1847 929 1874 uxoris
948 1856 995 1874 sue
1015 1847 1160 1874 Elizabeth
1180 1848 1208 1874 et
1228 1847 1349 1873 omnium
1368 1848 1573 1873 antecessorum
1592 1846 1739 1873 eorundem
1759 1845 1882 1872 vivorum

599 1891 627 1916 et
647 1890 847 1916 defunctorum.

295 1933 341 1958 lll.
355 1931 391 1957 id.
458 1934 496 1958 123.
549 1932 682 1959 Dominus
716 1932 857 1967 Rupertus
885 1933 976 1960 dictus
1004 1932 1114 1959 Mfflser.
1160 1933 1229 1960 Item
1257 1932 1384 1959 dominus
1404 1933 1572 1959 Wernherus
1600 1932 1633 1959 de
1655 1932 1831 1958 Umbhausen
1855 1933 1883 1958 et

595 1985 662 2002 uxor
680 1985 730 2002 sua
750 1976 882 2010 Wieliep.
919 1977 989 2003 Item
1007 1976 1154 2003 Elizabeth
1173 1976 1281 2011 Langin
1299 1975 1378 2010 virgo
1397 1976 1430 2002 de
1450 1975 1629 2010 Campidoua.

308 2019 341 2045 11.
356 2019 390 2044 id.
457 2019 495 2044 14.
552 2019 688 2045 Iohannes
706 2019 797 2045 dictus
817 2019 897 2045 Voeli
917 2020 950 2046 de
969 2020 1070 2046 Sancto
1084 2019 1173 2046 Gallo.

352 2062 389 2087 id.
458 2063 496 2088 15.
550 2062 697 2088 Hainrieus
716 2071 750 2088 111.
771 2064 799 2089 et
818 2071 881 2093 sac„
902 2062 1036 2096 magister
1054 2063 1193 2096 quondam
1211 2062 1390 2089 noviciorum.

250 2105 337 2131 XVII.
351 2105 406 2130 kal.
455 2106 492 2131 16.
548 2105 672 2132 Barbara
692 2105 899 2140 Cunzburgerin
919 2108 947 2132 et
965 2106 1082 2132 maritus
1102 2106 1168 2132 eius.
1204 2106 1274 2133 Item
1293 2105 1453 2132 Cristannus
1472 2105 1505 2132 de
1525 2105 1629 2131 Wenns
1648 2105 1739 2131 dictus
1757 2104 1838 2130 Zuck.

266 2148 337 2173 XVI.
354 2148 408 2174 kal.
456 2148 495 2174 17.
548 2148 698 2174 Hainricus
726 2148 817 2175 dictus
836 2149 967 2182 Notkopf
991 2151 1019 2175 et
1038 2149 1200 2176 Adelhaidis
1230 2158 1297 2175 uxor
1324 2149 1383 2176 eius
1412 2150 1440 2175 et
1467 2147 1517 2174 filii
1540 2156 1641 2174 eorum.
1684 2148 1752 2174 Item
1771 2146 1881 2173 domina

596 2191 712 2225 Brigida
732 2192 764 2218 de
778 2191 860 2218 Flies.
893 2193 961 2219 Item
977 2192 1122 2219 Elizabeth
1137 2192 1320 2219 Schurfeisen.
1347 2192 1515 2219 Bertholdus
1533 2201 1567 2218 m.
1585 2193 1614 2218 et
1632 2199 1686 2217 sac.
1718 2189 1827 2216 Ulrieus
1840 2199 1880 2216 (Ὗ.

278 2234 336 2259 XV.
352 2234 406 2259 kal.
454 2233 493 2260 18.
547 2234 728 2260 Tricessimus
747 2234 850 2261 domini
870 2235 957 2261 Ulrici
978 2235 1091 2269 plebani
1110 2235 1139 2261 in
1152 2236 1365 2270 Gennarssgaw.
1402 2235 1537 2262 Iohannes
1550 2233 1652 2261 Vehlin
1671 2234 1705 2260 de
1724 2233 1880 2267 Memingen

594 2277 700 2304 amicus
727 2280 818 2304 noster
845 2287 876 2304 ae
904 2278 1064 2305 monasterii
1096 2279 1256 2305 benefactor
1283 2278 1507 2312 specialissimus.
1545 2277 1686 2304 Conraclus
1715 2286 1749 2302 111.
1770 2278 1797 2303 et
1815 2285 1879 2302 sae..

597 2320 744 2354 portarius.

270 2362 341 2389 XIV.
356 2363 411 2389 kal.
459 2364 496 2390 19.
551 2363 668 2390 Domina.
694 2363 840 2390 Mathildis
859 2365 1083 2399 Waldeggerina.
1122 2365 1300 2391 Leonharilus
1319 2364 1477 2391 Haeberler.
1508 2364 1644 2390 lohannes
1657 2363 1754 2389 11111581-
1767 2362 1880 2396 preben-

596 2406 689 2432 darius
708 2409 808 2433 uoster.
846 2407 987 2434 Couradus
1006 2407 1097 2434 dictus
1116 2408 1232 2434 Soemel.

269 2448 342 2474 Xlll.
357 2449 411 2474 kal.
456 2450 496 2475 20.
550 2449 682 2476 Dominus
698 2450 839 2476 Conradus
856 2450 947 2477 dictus
963 2451 1074 2482 Waller,
1094 2453 1210 2484 quartus
1224 2450 1391 2477 venerabilis
1410 2450 1473 2477 abb.
1487 2450 1582 2477 domus
1597 2449 1685 2475 huius.
1717 2449 1825 2475 Ulricus
1839 2458 1879 2475 cv.

596 2493 666 2518 Item
685 2492 751 2519 Otto
772 2493 898 2527 Hofpeek
918 2494 950 2520 de
970 2494 1111 2528 Salzburg.

279 2534 408 2560 X11.kal.
455 2535 494 2560 21.
553 2535 683 2561 Dominus
702 2535 886 2562 Wirnhardus
912 2536 985 2570 pleb.
1014 2536 1042 2562 in
1071 2537 1146 2563 Siltz.
1183 2537 1317 2563 Dominus
1344 2537 1484 2564 Conradus
1513 2545 1572 2562 ean.
1597 2535 1772 2562 BriXiuensis.
1810 2536 1878 2562 Item

592 2579 717 2612 Eglolfus
736 2579 769 2606 (Ie
788 2580 882 2606 Fuzze.
921 2581 990 2607 Item
1010 2580 1121 2607 (lomina
1141 2580 1236 2607 Gotlin
1256 2582 1284 2607 et
1302 2580 1418 2607 maritus
1436 2580 1501 2607 eius.

292 2620 337 2646 XI.
353 2620 408 2646 kal.
454 2621 495 2647 22.
549 2621 698 2648 Hainrieus
717 2623 749 2649 (le
769 2622 910 2649 Staudach
930 2624 1050 2650 famulus
1068 2624 1211 2658 hospitum
1234 2626 1262 2651 et
1281 2624 1426 2650 Elizabeth
1449 2632 1516 2650 uxor
1535 2632 1583 2650 sua
1603 2624 1630 2649 et
1651 2622 1788 2649 lohannes
1806 2621 1879 2648 filius

594 2673 695 2690 eorum.

304 2705 336 2730 X.
350 2705 405 2731 kal.
451 2706 491 2731 23.
546 2706 596 2732 Ob.
616 2706 755 2733 Conradus
782 2708 986 2742 Hinderberger
1016 2709 1049 2735 de
1081 2709 1254 2744 Campidona
1281 2712 1310 2736 et
1340 2709 1502 2736 Adelhaidis
1532 2718 1600 2738 uxor
1624 2718 1673 2736 sua
1701 2711 1729 2737 et
1756 2709 1877 2736 omnium

595 2749 802 2783 progenitorum
821 2751 975 2778 eorundem.
