2085 2999
233 129 296 159 256
446 126 552 152 LIBER
571 123 936 151 ANNIVERSARIORUM
954 122 1134 149 FRATRUM
1153 121 1331 148 MINORUM
1350 122 1681 150 RATISBONENSIUM.

596 217 732 244 versarius
760 217 905 244 dominelle
929 217 1029 250 Geysel
1057 219 1114 243 tres
1143 216 1201 243 dies
1229 219 1294 243 ante
1319 217 1362 243 vel
1391 218 1455 250 post
1479 217 1705 251 Assumptionem
1731 217 1890 244 celebratur

601 262 652 287 sub
671 269 753 294 pena..

299 307 332 332 II.
348 305 384 332 id.
449 305 488 331 12.
542 304 592 331 Ob.
613 303 739 330 dominus
768 303 835 329 Otto
855 302 1067 336 Synczenhoffer
1093 311 1165 329 anno
1192 302 1298 328 domini
1317 302 1393 333 1313,
1419 302 1465 329 hic
1489 303 1640 336 sepultus*
1676 303 1890 331 Anniversarius

599 347 739 381 MargTete
759 345 854 373 Petrin
874 346 906 372 de
925 345 1076 379 Meyschen
1095 345 1259 376 celebratur,
1279 354 1351 371 anno
1370 345 1474 371 domini
1495 345 1568 376 1403,
1588 346 1638 372 sub
1657 354 1737 379 pena.

260 391 332 417 XIX.
347 391 402 417 kal.
450 391 490 416 14.
544 388 756 415 Anniversarius
775 389 862 423 Marg.
883 388 1143 421 Nynterthaimerin
1163 388 1320 415 celebratur
1338 390 1367 414 et
1386 389 1432 414 Ch.
1453 389 1522 415 Rott
1541 389 1704 415 celebratur.

235 434 337 460 XVIII.
351 433 407 459 kal.
454 434 493 459 15.
547 431 760 458 Anniversarius
780 431 899 458 Com-adi
917 431 1031 463 Norkel,
1051 431 1121 456 Kun.
1142 430 1234 457 uxoris
1254 431 1419 457 celebratur.
1456 431 1668 457 Anniversarius
1682 432 1790 459 domine
1811 431 1891 459 Clare

597 474 723 501 Zolnerin
743 474 901 500 celebratur
919 476 982 500 octo
1002 474 1060 500 dies
1079 475 1144 500 ante
1164 474 1208 500 vel
1228 476 1291 507 post
1310 475 1360 500 sub
1380 482 1459 507 pena.

248 519 335 546 XVII.
349 518 406 545 kal.
453 518 493 545 16.
548 517 759 544 Anniversarius
788 517 891 543 domini
910 517 1018 543 Andree
1037 516 1183 547 Fronauer,
1212 516 1340 543 canonici
1359 516 1468 543 Veteris
1487 517 1629 551 Cappelle‚
1659 517 1816 544 celebratur
1840 518 1891 544 sub

604 569 688 594 pena,
725 568 796 586 anno
825 559 929 586 domini
959 561 1032 586 1404.
1080 559 1291 586 Anniversarius
1318 559 1423 586 domini
1448 559 1561 594 Georgii
1591 560 1664 586 Auer
1692 560 1725 586 de
1752 560 1893 594 Prenberg

599 603 762 630 celebratur.
800 603 880 629 Anno
901 602 1005 629 domini
1026 603 1092 629 1460
1111 603 1154 629 ob.
1174 603 1338 629 reverendus
1357 605 1451 637 pater,
1475 603 1507 629 fr.
1527 603 1664 630 Iohannes
1682 603 1797 635 Heezel,
1817 604 1892 637 olym

600 648 706 677 custos,
731 646 819 672 lector
844 648 872 672 et
898 646 1048 680 gardianus
1068 647 1163 672 valens
1185 645 1213 671 in
1239 645 1346 677 ordine.
1370 655 1387 672 a.
1413 654 1467 679 quo
1493 647 1645 672 conventus
1668 647 1759 673 multa
1783 646 1892 678 habuit,

602 689 679 716 cuius
698 689 903 715 anniversarius
922 689 1119 715 celebratur.**

267 733 341 760 XIV.
355 733 412 760 kal.
459 734 498 759 19.
551 732 631 758 Anno
655 731 759 758 domini
785 732 852 758 1:333
875 732 919 758 ob.
943 732 1070 757 dominus
1098 731 1254 758 Hic-hardus
1277 731 1356 758 miles
1381 732 1415 758 de
1439 731 1519 762 Dom,
1547 731 1594 757 1110
1621 732 1771 765 sepultus*
1807 732 1892 764 Nota,

597 775 669 801 infra
688 777 817 801 octavam
836 774 1044 808 Assumpeionis
1063 775 1222 801 celebratur
1245 774 1448 801 anniversarius
1466 774 1570 800 domini
1590 774 1701 801 Nieolai
1721 775 1895 802 Schachtner

601 827 654 844 von
673 818 721 844 der
740 818 880 851 IVeyden,
910 817 1024 851 plebani
1053 817 1166 844 maioris
1189 817 1317 848 ecclesie.
1347 820 1375 843 et
1396 817 1548 843 Wernhero
1575 817 1665 844 amico
1692 826 1740 844 suo
1762 818 1818 851 (sic)
1842 818 1893 844 sub

599 869 680 895 pena.
718 860 928 887 Anniversarius
948 860 1078 886 Iohannis
1097 860 1212 895 Pel-ger,
1240 860 1324 886 Kath.
1350 860 1441 886 uxoris
1461 860 1618 886 celebratur
1636 861 1686 887 sub
1706 869 1791 894 pena,
1822 869 1894 887 anno

604 903 709 930 domini
731 904 804 930 1403.

281 948 342 973 XII.
355 947 411 974 kal.
458 947 499 973 21.
555 947 643 981 [Anno
663 946 768 972 domini
790 947 855 973 1462
875 947 917 973 01).
937 947 1102 973 reverendus
1122 949 1211 981 pater,
1240 948 1273 973 fr.
1301 947 1410 973 Marcus
1429 947 1649 981 Schonprunner‚
1675 947 1779 979 doctor,
1807 947 1895 974 lector

600 992 629 1016 et
648 991 743 1016 valens
762 990 921 1024 predicator
940 992 968 1016 et
988 991 1098 1024 custos]

295 1033 341 1059 XI.
355 1033 411 1059 kal.
457 1033 497 1059 22.
551 1032 763 1059 Anniversarius
783 1033 882 1059 sororis
900 1033 1060 1059 Mechtildis
1073 1033 1211 1059 Sehrollin
1230 1034 1387 1060 celebratur
1406 1033 1456 1059 sub
1470 1041 1550 1066 pena..
1586 1033 1670 1063 Nota,
1691 1033 1895 1060 anniversarius

604 1075 772 1102 venerabilis
792 1075 844 1101 viri
864 1075 996 1102 Iohannis
1015 1077 1104 1102 Aman
1129 1076 1162 1102 de
1181 1076 1305 1110 Miirsing
1330 1078 1358 1102 et
1376 1076 1527 1109 Dyemudis
1545 1076 1638 1102 uxoris
1657 1085 1705 1103 sue
1724 1078 1753 1102 et
1772 1076 1895 1102 omnium

603 1119 760 1145 celebratur
778 1119 829 1145 sub
848 1127 928 1152 pena.

309 1161 413 1188 X.ka1.
459 1161 499 1188 23.
554 1161 603 1188 Ob.
622 1162 653 1188 fr.
673 1161 784 1188 Ulricus
804 1162 988 1192 Prunnlaiter,
1007 1162 1158 1196 gardianus
1182 1161 1264 1188 huius
1288 1162 1342 1188 loci
1369 1164 1398 1188 et
1417 1162 1512 1188 valens
1532 1163 1645 1196 pater.¹)
1683 1162 1772 1196 [Anno
1791 1161 1896 1189 domini

604 1205 669 1230 1472
689 1205 732 1231 ob.
753 1213 849 1238 procer
868 1207 896 1231 et
914 1214 1063 1239 generosus
1077 1207 1105 1231 et
1123 1213 1240 1238 magnus
1258 1205 1385 1231 dominus
1398 1205 1534 1231 Iohannes
1553 1205 1587 1231 de
1603 1205 1712 1231 Ruscon
1725 1205 1758 1232 de
1772 1205 1897 1239 Ungaria

603 1248 631 1273 in
650 1247 728 1274 dieta
746 1256 849 1282 magna
868 1247 913 1274 hic
933 1248 961 1274 in
982 1248 1149 1279 Ratishona,
1181 1248 1258 1274 euius
1286 1257 1333 1274 cor
1357 1250 1385 1275 et
1412 1248 1543 1275 intestine
1571 1250 1634 1275 sunt
1659 1249 1797 1275 tumulate
1823 1248 1897 1274 circa.

602 1290 691 1317 altare
710 1290 805 1316 Trium
826 1291 933 1325 Regum
952 1293 1046 1318 nostra
1074 1291 1103 1316 in
1123 1291 1254 1323 eeclesia,
1283 1292 1316 1318 de
1343 1300 1397 1325 quo
1426 1293 1577 1318 conventus
1604 1291 1705 1317 hahuit
1725 1291 1824 1317 bonam
1845 1291 1897 1318 ele-

603 1333 746 1363 mosinam,
766 1342 815 1367 pro
836 1334 914 1360 cuius
933 1333 1026 1360 anima
1045 1334 1181 1361 debentur
1199 1335 1297 1360 fratres
1317 1334 1432 1361 solerter
1450 1334 1546 1368 orare]

295 1376 343 1403 IX.
357 1375 412 1402 kal.
459 1376 500 1403 24.
554 1376 766 1403 Anniversarius
784 1376 889 1403 domini
908 1377 1039 1410 Diepoldi
1058 1377 1172 1404 Veseler
1191 1378 1348 1404 celebratur
1372 1378 1422 1404 5111)
1447 1386 1526 1410 pena.
1571 1376 1784 1404 Anniversarius
1803 1377 1898 1403 fratris

605 1419 691 1446 Ulrici
704 1419 868 1451 Prunlaiter,
882 1419 1011 1453 gardiani
1024 1419 1119 1446 multis
1133 1419 1212 1446 annis
1225 1419 1306 1446 huius
1320 1422 1478 1451 conventusy
1493 1419 1657 1446 celebratur.
1685 1419 1898 1446 Annivm-sarius

603 1463 711 1488 domine
735 1463 848 1496 Sygaun
874 1462 1094 1489 Saczenhofferin
1119 1463 1276 1490 celebratur
1301 1463 1369 1497 (die)
1396 1462 1519 1488 Ludwiei
1549 1462 1623 1496 regis
1647 1463 1772 1490 Franeie.
1813 1463 1897 1495 Nota,

604 1505 808 1532 anniversarius
832 1506 944 1532 Miiczen
968 1506 1114 1540 Stegnerin
1137 1507 1294 1533 celebratur
1323 1506 1373 1532 sub
1397 1514 1477 1540 pena.
1522 1505 1732 1532 Anniversarius
1757 1506 1898 1534 christine

604 1548 857 1575 Gravenrewtterin
878 1549 927 1575 sub
947 1558 1019 1583 pena
1038 1549 1202 1576 celebratur.

280 1591 408 1617 VILkal.
454 1590 495 1617 26.
549 1591 639 1625 [Anno
667 1591 771 1617 domini
801 1592 868 1618 1464
887 1592 929 1618 ob.
949 1592 1118 1618 venerabilis
1145 1592 1173 1618 in
1201 1592 1311 1618 Christo
1337 1593 1418 1625 pater
1446 1594 1474 1618 et
1503 1591 1628 1618 dominus
1653 1591 1815 1618 chonradus
1842 1601 1898 1626 eps.

606 1634 825 1668 Ierapolitanus,
859 1634 1048 1668 suffraganeus
1081 1635 1185 1661 domini
1218 1634 1429 1668 Ratisponensis
1463 1634 1606 1666 ordinarii,
1639 1635 1743 1661 ordinis
1771 1634 1900 1661 Fratrum

605 1677 750 1705 Minorum.
770 1677 842 1703 filius
861 1678 944 1703 huius
963 1680 1122 1709 conventus
1141 1678 1282 1712 quondam
1301 1680 1393 1704 custos
1411 1677 1550 1709 Bawarie,
1570 1677 1658 1704 lector
1681 1680 1709 1704 et
1728 1677 1899 1712 guardianus

607 1720 688 1746 huius
708 1721 909 1753 conventiis.**]

301 1763 347 1789 VI.
362 1762 416 1789 kal.
462 1762 503 1788 27.
557 1763 636 1788 Anno
655 1763 760 1788 domini
788 1763 853 1790 1318
881 1763 925 1790 01),
946 1764 977 1790 fr.
998 1763 1142 1790 Heinrieus
1166 1764 1199 1790 (16
1219 1763 1350 1795 Chamm,
1378 1763 1529 1798 gardianus
1553 1763 1607 1789 loci
1634 1764 1743 1794 valens,
1772 1763 1899 1797 sepultus

611 1807 676 1831 ante
696 1806 817 1832 chorum.

314 1848 347 1874 V.
361 1848 417 1874 kal.
462 1848 503 1874 28.
556 1847 605 1874 Ob.
625 1848 752 1874 dominus
771 1849 902 1875 Albertus
922 1849 1100 1876 Paulstorffer
1120 1858 1172 1875 von
1192 1849 1240 1875 der
1258 1850 1341 1881 Kiirn,
1361 1848 1407 1875 hic
1421 1849 1553 1883 sepultus,
1574 1858 1645 1876 anno
1659 1849 1899 1875 d01ni11i1422.***

609 1891 822 1918 Anniversarius
842 1892 959 1918 Frnh-ici
978 1892 1055 1926 Kal-g
1075 1892 1238 1919 celebratur.
1276 1893 1346 1918 Item
1359 1891 1565 1918 anniversarius
1579 1892 1690 1919 Osanna
1709 1892 1900 1919 Schleicherin

607 1934 764 1961 celebratur
792 1935 843 1961 sub
868 1944 947 1968 pena.
990 1935 1039 1961 Ob.
1064 1935 1218 1961 Reinherus
1242 1935 1329 1961 frater
1357 1938 1385 1961 et
1410 1936 1548 1961 confessor
1576 1937 1604 1961 et
1630 1935 1753 1961 medicus
1781 1935 1900 1961 illustris

605 1977 723 2007 domine,
738 1978 847 2004 domine
862 1977 1016 2007 Richardis,
1037 1977 1144 2004 ducisse
1158 1978 1292 2009 Bawmie,
1308 1977 1534 2011 (anniversarius)
1549 1978 1713 2009 celebratur,
1733 1987 1804 2004 anno
1825 1978 1899 2004 1357.

302 2019 347 2045 IV.
362 2019 416 2045 kal.
464 2020 504 2046 29.
560 2020 609 2046 Ob.
630 2020 756 2046 dominus
776 2020 915 2046 Fridricus
935 2021 1078 2055 Tollinger
1096 2021 1194 2051 11111101,
1214 2021 1259 2047 hic
1280 2021 1415 2054 sepultus,
1434 2030 1506 2047 anno
1525 2021 1630 2047 domini
1652 2021 1741 2047 1358*

298 2062 416 2089 HLkal.
463 2063 503 2089 30.
558 2062 641 2095 Nota,
661 2063 864 2089 anniversarius
890 2063 1006 2089 Fridrici
1025 2064 1177 2097 Czeyssler,
1204 2064 1343 2090 Dorothee
1368 2064 1460 2090 uxoris
1483 2065 1647 2091 celebratur.
1690 2063 1900 2090 Anniversarius

610 2106 776 2133 venerabilis
797 2106 857 2138 viri,
877 2106 981 2132 domini
995 2106 1123 2141 magistri
1136 2106 1268 2133 Iohannis
1281 2107 1314 2133 de
1328 2107 1490 2140 Weytraeh,
1511 2107 1637 2133 canonici
1651 2107 1766 2134 ecclesie
1779 2106 1900 2137 1111110115,

609 2150 765 2176 celebratur
784 2150 834 2176 sub
854 2151 965 2183 1161111191*ς

317 2192 351 2218 II.
366 2191 421 2218 kal.
466 2191 508 2218 31.
561 2191 772 2218 Anniversarius
797 2191 922 2218 Elisabet
949 2192 1143 2226 Ingolsteterin
1172 2192 1254 2218 vidue
1274 2193 1438 2220 celebratur.
1476 2192 1686 2219 Anniversarius
1705 2192 1800 2218 Hamis
1820 2192 1900 2225 Payr,

608 2235 670 2260 Else
690 2234 781 2260 uxoris
801 2235 965 2266 celebratur,
985 2244 1001 2260 a
1020 2244 1074 2268 quo
1094 2238 1246 2262 conventus
1265 2236 1351 2262 habet
1370 2237 1403 2262 60
1416 2238 1432 2269 c>
1451 2237 1483 2263 de
1504 2235 1570 2262 Sall.
1607 2235 1657 2262 Ob.
1671 2236 1703 2261 fr.
1717 2235 1901 2268 Marquardus

609 2278 643 2304 de
662 2278 778 2311 Popfing
798 2277 992 2304 honestissime
1011 2278 1068 2304 vite
1088 2280 1116 2304 et
1134 2279 1302 2305 sanctitatis.

932 2384 1226 2420 SEPTEMBER.

309 2449 355 2476 IV.
371 2457 433 2475 non.
487 2450 511 2475 52.
565 2449 614 2475 Ob.
635 2449 799 2476 reverendus
828 2451 920 2483 pater,
949 2450 980 2475 fr.
1001 2449 1160 2476 Chonradus
1188 2450 1273 2481 Prew,
1304 2451 1442 2484 quondam
1471 2451 1558 2477 lector
1584 2453 1612 2477 et
1639 2450 1789 2484 gar-dianus
1820 2449 1901 2475 huius

612 2494 771 2523 conventus,
791 2501 863 2518 anno
882 2492 986 2518 domini
1006 2493 1081 2519 1424.

322 2535 356 2561 Η,
370 2544 431 2561 11011.
485 2537 508 2562 4.
562 2536 774 2562 Anniversarius
793 2535 924 2561 Iohannis
943 2535 1135 2570 Halbpachen,
1155 2537 1294 2570 Μαι-81616
1315 2537 1406 2563 uxoris
1426 2536 1582 2563 celebratur
1600 2536 1650 2562 sub
1670 2544 1741 2570 pena
1761 2538 1823 2561 octo
1843 2534 1902 2561 (1165

613 2580 678 2605 ante
698 2579 741 2605 vel
761 2581 832 2612 post,
853 2587 925 2605 anno
945 2578 1049 2604 domini
1070 2579 1142 2605 1444.

370 2629 432 2647 non.
486 2622 510 2647 5.
564 2621 613 2648 Ob.
635 2622 745 2648 domina
759 2621 860 2648 Ursula
879 2622 915 2655 dy
929 2621 1115 2656 Greymoldin,
1135 2623 1339 2656 Prunlayterin,
1360 2622 1405 2649 hic
1426 2622 1546 2656 sepulta,
1565 2630 1638 2648 auno
1658 2620 1761 2647 domiui
1784 2620 1874 2646 1362*

358 2742 376 2773 ¹)
396 2740 458 2766 Sine
478 2740 557 2766 (lubio
575 2741 605 2772 ris,
624 2742 670 2774 qui
691 2742 815 2775 2114119.
835 2743 930 2768 iterum
948 2743 1114 2770 nominatur.
