2085 2999
222 341 268 368 IV.
281 350 344 368 non.

196 426 270 452 VIII.
284 426 322 452 id.

221 470 270 495 III.
284 469 321 495 id.

289 555 324 581 id.

213 640 272 666 XII.
286 640 341 667 kal.

211 725 273 753 VII.
287 725 342 753 kal.

285 889 341 916 kal.

226 933 273 958 III.
288 941 350 958 non.

227 1018 273 1044 IV.
288 1017 325 1044 id.

172 1060 273 1087 XVIII.
287 1061 343 1087 kal.

185 1146 272 1173 XVII.
285 1147 341 1173 kal.

213 1320 272 1346 XII.
286 1319 342 1346 kal.

226 1405 273 1431 VI.
287 1405 344 1431 kal.

241 1491 274 1518 V.
288 1491 344 1517 kal.

225 1577 272 1604 IV.
284 1577 340 1604 kal.

222 1741 270 1767 ΙΙΙ.
284 1749 346 1767 non.

223 1826 272 1852 III.
286 1825 322 1852 id.

214 1910 272 1937 XV.
286 1911 342 1938 kal.

210 1998 270 2023 XII.
284 1998 341 2024 kal.

222 2041 268 2066 IX.
283 2041 339 2068 kal.

223 2126 269 2152 IV.
283 2127 340 2153 kal.

239 2212 274 2239 Π.
287 2211 343 2238 kal.

229 2417 277 2443 ΙΙΙ.
291 2425 355 2443 non.

287 2511 349 2529 non.

240 2588 272 2614 V.
286 2588 322 2614 id.

398 340 422 367 2.

401 426 426 452 6.

387 469 428 495 11.

391 555 430 582 13.

387 641 428 667 21.

389 726 430 753 26.

407 890 429 916 Γ·

389 1018 429 1045 10.

393 1061 432 1087 14.

388 1147 428 1173 15.

388 1320 429 1347 20.

392 1405 432 1431 26.

389 1491 429 1517 27.

385 1577 426 1603 28.

403 1741 427 1766 5.

386 1826 426 1852 13.

390 1912 430 1938 18.

387 1999 427 2025 21.

386 2041 427 2068 24.

385 2127 426 2153 29.

389 2211 430 2239 31.

409 2418 433 2443 3.

404 2504 427 2529 5.

401 2589 425 2615 9.

559 151 665 177 LIBER
685 150 1042 177 ANNIVERSARIORUM
1060 149 1437 176 MALLERSDORFENSIS.
1636 165 1640 169 -
1759 153 1819 182 271

860 274 1127 310 AUGUSTUS

477 340 529 366 Hic
558 339 653 374 agitur
679 339 885 366 anniversarius
910 339 1029 366 Conradi
1057 339 1090 365 de
1109 338 1345 369 Wolverchoven‚
1372 338 1400 363 et
1427 337 1591 364 infirmarius
1620 337 1761 366 ministrat
1788 339 1823 366 (10

532 384 563 410 10
576 382 691 409 talentis
711 383 893 409 denariorum.

479 425 532 452 Hic
551 426 646 460 agitur
665 425 871 452 anniversarius
890 425 1031 452 Gebhardi
1050 424 1141 451 Grewl
1161 424 1194 450 de
1213 423 1361 457 Schirling.

481 469 534 495 Hic
554 469 649 503 agitur
667 469 872 495 anniversarius
891 468 1003 495 domine
1022 467 1193 499 Friderunis,
1219 469 1248 494 et
1267 466 1433 493 infirmarius
1452 465 1593 493 ministrat
1612 467 1645 493 (10
1665 467 1822 494 molendino

530 511 696 538 NVisendorf.

484 555 537 581 Hie
564 555 659 589 agitur
681 554 888 581 anniversarius
913 554 1022 581 domine
1050 553 1202 580 Katherine
1221 553 1419 583 Inchoverinn,
1445 554 1473 579 et
1495 552 1660 578 infirmarius
1682 553 1824 580 ministrat

530 597 563 624 de
584 599 616 624 10
634 598 751 624 talentis
770 598 953 624 denariorum.

483 640 535 666 Hic
554 641 649 675 agitur
667 640 872 668 anniversarius
891 640 1009 667 Conradi
1032 639 1147 674 plebani
1166 639 1236 665 dicti
1254 638 1420 673 Carpentar,
1445 640 1474 665 et
1496 638 1661 665 infirmarius
1684 639 1824 666 ministrat

533 685 562 716 ¹s'2
577 685 602 710 ‘U’
614 685 636 717 ὅ·

485 726 548 760 [Hic
569 727 663 761 agitur
683 726 886 753 anniversarius
906 725 1001 753 Iudoci
1020 726 1131 752 Trewer
1150 724 1327 759 prebendarii
1346 726 1375 751 et
1393 724 1515 752 Barbare
1534 724 1627 751 uxoris
1647 725 1713 759 sue.]

846 824 1139 860 SEPTEMBER.

484 889 536 916 Hie
550 889 646 924 agitur
661 889 866 916 anniversarius
879 889 1033 922 Elyzabeth
1046 888 1232 922 Eysteterinn,
1252 889 1281 914 et
1294 887 1459 913 infirmarius
1472 887 1615 914 ministrat
1628 887 1656 914 in
1669 887 1824 914 refectorio.

484 933 536 959 Hic
556 933 650 967 agitur
669 932 873 959 anniversarius
893 932 1002 959 domine
1022 931 1159 965 Alhaydis
1178 930 1341 957 Lavaninne
1353 931 1379 963 ¹),
1399 932 1427 956 et
1446 929 1612 956 infirmarius
1631 930 1772 956 ministrat
1791 930 1824 957 de

532 975 692 1002 molendino
711 975 876 1002 Wisendorf.

484 1017 535 1044 Hie
555 1018 650 1053 agitur
668 1018 874 1045 anniversarius
893 1017 980 1044 Ulrici
1000 1017 1027 1043 li.
1048 1016 1199 1051 ToIIinger,
1220 1018 1248 1043 et
1265 1015 1432 1042 infirmarius
1451 1015 1592 1043 ministrat
1611 1017 1644 1043 (10
1665 1016 1769 1049 1511ιᾲ

488 1061 549 1095 [Hic
569 1061 663 1095 agitur
681 1060 886 1088 anniversarius
905 1061 993 1087 Adam
1013 1059 1097 1086 Greul
1117 1062 1145 1086 et
1164 1059 1301 1086 Gothardi
1316 1059 1467 1090 Edelmzmi,
1488 1059 1521 1085 (10
1541 1068 1595 1092 quo
1615 1059 1735 1086 habetur
1748 1060 1825 1091 141qu

533 1104 566 1130 de
585 1104 661 1130 curia
680 1103 805 1137 Stokha.]

483 1147 534 1174 Hic
562 1147 656 1182 agitur
681 1147 885 1173 anniversarius
908 1146 1036 1173 Hainriei
1055 1145 1264 1172 Stainchircher
1290 1147 1318 1171 et
1337 1145 1479 1171 Diemiidis
1498 1145 1598 1172 sororis
1624 1146 1707 1177 sue²)‚
1735 1147 1762 1171 et
1786 1144 1825 1170 in-

532 1191 667 1216 firmarius
690 1190 863 1216 ministrabit
889 1192 917 1222 111
932 1191 981 1221 {to}
1002 1198 1051 1223 pro
1078 1189 1142 1215 vino
1167 1191 1195 1215 et
1222 1188 1345 1222 piscibus
1369 1189 1401 1214 de
1421 1188 1557 1214 ambabus
1576 1188 1659 1214 curiis
1676 1188 1706 1214 in
1725 1188 1824 1214 Hader.

533 1234 584 1260 Hic
614 1233 709 1268 agitur
735 1233 941 1260 anniversarius
969 1231 1128 1259 Perchtoldi
1156 1231 1285 1266 magistri
1314 1231 1403 1262 curie,
1435 1231 1600 1257 infirmarius
1627 1230 1768 1257 ministrat
1796 1230 1825 1256 in

533 1276 689 1304 refectorio.

484 1319 535 1346 Hie
555 1320 649 1355 agitur
668 1319 873 1346 anniversarius
886 1319 991 1346 domini
1005 1318 1155 1345 Hermanni
1175 1318 1290 1352 plebani
1309 1318 1338 1344 in
1352 1318 1592 1352 Holcztrawpach,
1612 1319 1640 1344 et
1659 1316 1824 1343 infirmarius

535 1362 677 1388 ministrat
696 1362 712 1388 3
725 1366 740 1394 β
753 1363 776 1394 ὣ.

486 1405 539 1431 Hie
567 1405 662 1439 agitur
690 1404 894 1431 anniversarius
922 1404 1078 1437 Elyzabeth
1106 1403 1248 1437 Grewliny
1274 1404 1307 1430 de
1336 1403 1574 1437 Hawpolt-zpach,
1603 1404 1631 1429 et
1659 1401 1824 1428 infirmarius

533 1447 674 1474 ministrat
692 1448 725 1474 60
740 1450 756 1480 ο)
775 1448 808 1475 (10
827 1447 1058 1481 Hawboltzpaeh.

485 1491 537 1517 Hic
563 1491 658 1525 agitur
683 1491 887 1517 anniversarius
917 1490 1049 1517 Iohannis
1077 1490 1165 1516 Polam
1185 1489 1218 1516 de
1237 1489 1434 1523 St1·awhing³),
1463 1491 1491 1515 et
1516 1488 1603 1515 abbas
1626 1488 1768 1514 ministrat
1791 1488 1824 1514 de

532 1534 651 1568 pistaria
669 1534 819 1568 Hainpuch
839 1535 867 1560 et
885 1533 974 1566 Ghay.

483 1577 535 1603 Hic
555 1576 649 1611 agitur
667 1576 872 1604 anniversarius
892 1576 1008 1603 Erhardi
1023 1576 1211 1609 Uphfchover‚
1231 1577 1259 1602 et
1278 1574 1444 1601 infirmarius
1463 1574 1603 1601 ministrat
1622 1574 1650 1600 in
1669 1574 1824 1601 refectorio.

879 1675 1115 1710 OCTOBER.

481 1740 533 1766 Hic
547 1740 642 1774 agitur
660 1739 863 1766 anniversarius
877 1740 1036 1767 Diemuedis
1049 1739 1221 1773 Schatzling,
1241 1739 1338 1766 matris
1358 1738 1508 1766 Hermanni
1530 1738 1586 1766 1111..
1607 1739 1635 1764 et
1658 1736 1822 1763 infirmarius

530 1783 671 1809 ministrat
690 1782 717 1809 in
737 1782 892 1809 refectorio.

481 1825 533 1852 Hie
552 1825 646 1860 agitur
665 1825 869 1852 anniversarius
889 1825 993 1851 domini
1014 1825 1175 1852 Perchtoldi
1195 1825 1228 1852 (10
1248 1825 1358 1858 Rai11⁴).
1385 1826 1413 1851 et
1440 1824 1606 1851 infirmarius
1629 1823 1771 1850 ministrat
1790 1823 1822 1849 de

533 1868 692 1895 molendino
712 1868 877 1895 Wisendorf.

483 1912 535 1938 Hic
554 1911 648 1945 agitur
671 1911 875 1938 anniversarius
894 1911 1023 1937 Alhaidis
1050 1911 1147 1938 matris
1167 1911 1255 1938 Ulriei
1282 1910 1408 1941 abbatis,
1433 1912 1462 1938 et
1487 1910 1652 1937 infirmarius
1680 1909 1823 1936 ministrat

532 1954 561 1980 in
579 1954 733 1981 refectorio.

482 1998 533 2024 Hic
554 1997 650 2031 agitur
668 1997 874 2023 anniversarius
893 1997 1017 2024 Hainrici
1037 1998 1162 2029 Stawfer,
1181 2000 1210 2024 et
1229 1997 1394 2023 infirmarius
1414 1996 1555 2023 ministrat
1573 1996 1618 2029 3ss
1631 1997 1654 2028 ὣ.

482 2041 534 2067 Hic
563 2041 657 2075 agitur
685 2040 891 2067 anniversarius
919 2040 1039 2067 Conradi
1066 2041 1157 2067 Gesell
1190 2042 1218 2067 et
1246 2040 1363 2074 Agnetis
1392 2039 1484 2066 uxoris
1512 2047 1570 2070 sne,
1604 2041 1631 2066 et
1659 2038 1824 2064 infirmarius

531 2084 672 2110 ministrat
691 2084 724 2110 60
739 2085 754 2116 ὁ
777 2084 809 2110 (10
829 2083 1078 2114 Asehalczhausen,
1098 2092 1166 2117 quos
1186 2083 1265 2110 dabit
1284 2082 1432 2109 Hninricns
1451 2082 1569 2109 Chelner
1588 2082 1698 2108 ibidem.

482 2127 534 2153 Hic
560 2126 656 2161 agitur
680 2126 884 2152 anniversarius
911 2127 1016 2153 domini
1041 2127 1172 2158 Fridrici,
1198 2126 1329 2153 advocati
1353 2125 1439 2152 nostri
1465 2125 1590 2157 iunioris,
1617 2124 1749 2151 videlieet
1773 2123 1823 2149 filii

533 2170 645 2196 domine
664 2169 830 2200 Leweardis,
850 2170 986 2196 advocate
1005 2171 1098 2196 nostre
1107 2172 1134 2203 Β),
1154 2170 1242 2196 abbas
1260 2169 1410 2195 ministrat.

490 2212 541 2238 Hic
561 2212 655 2246 agitur
674 2212 879 2239 anniversarius
902 2212 1029 2238 Hainrici
1051 2213 1108 2246 pbi.
1133 2214 1161 2239 et
1185 2212 1230 2238 mi.
1254 2221 1287 2238 ex
1310 2211 1410 2238 nostris
1436 2211 1505 2238 dicti
1528 2210 1747 2241 Stainchircher.
1776 2210 1824 2244 qui

535 2255 612 2282 dedit
631 2254 710 2281 nobis
728 2255 887 2289 ymaginem
907 2257 1068 2290 argenteam
1087 2256 1170 2282 beate
1188 2255 1322 2289 Virginis.

859 2354 1131 2389 NOVEMBER.

488 2417 539 2443 Hi(¹
559 2417 653 2451 agitur
672 2417 876 2444 anniversarius
899 2418 1003 2445 domini
1024 2419 1185 2445 Perchtoldi
1204 2418 1316 2445 abbatis
1336 2417 1436 2447 nostri,
1460 2416 1586 2443 Hainrici
1606 2416 1712 2445 Vilsar,
1736 2415 1822 2442 Gisile

532 2460 624 2486 uxoris
637 2469 684 2487 sue
693 2462 721 2493 Β),
736 2462 762 2487 et
775 2461 940 2487 infirmarius
955 2461 1096 2488 ministrat
1110 2462 1142 2489 (10
1154 2462 1234 2489 bonis
1242 2462 1398 2495 Walnperg
1411 2463 1439 2487 et
1453 2460 1600 2486 novalibus
1611 2459 1822 2485 Hohenlewten.

482 2503 534 2528 Hic
560 2503 654 2537 agitur
679 2503 883 2529 anniversarius
907 2503 1032 2530 Hainrici
1058 2504 1176 2530 Gartner
1202 2507 1230 2531 et
1256 2504 1375 2531 Com-adi
1400 2503 1506 2529 Sutoris
1532 2503 1565 2529 (10
1590 2502 1767 2534 Lantzhuw),
1796 2505 1824 2528 et

532 2545 698 2571 infirmarius
716 2546 858 2572 ministrat
879 2547 890 2572 1
905 2547 930 2573 11)
946 2548 961 2577 0}
979 2547 1012 2573 (10
1032 2547 1190 2581 Ungspach.

479 2588 530 2615 Hie
550 2589 644 2623 agitur
656 2589 860 2615 anniversarius
874 2590 977 2616 domini
991 2590 1107 2616 Fridrici
1127 2591 1159 2617 (10
1174 2591 1232 2621 Aw,
1252 2592 1280 2616 et
1294 2590 1380 2616 abbas
1395 2589 1478 2615 debet
1491 2588 1649 2614 ministrare
1669 2587 1702 2613 (10
1718 2587 1749 2613 10
1762 2587 1786 2613 a
1799 2588 1823 2619 ᾧ.

278 2737 297 2768 ¹)
317 2735 431 2761 Erectus
450 2739 519 2761 1241.
627 2736 646 2768 2)
667 2736 782 2761 Erectus
801 2739 868 2762 1337.
977 2738 997 2769 ³)
1018 2737 1133 2763 Erectus
1153 2739 1224 2763 1330.
1332 2738 1351 2768 ⁴)
1372 2736 1484 2762 Erectus
1497 2738 1565 2761 1:241.
1673 2735 1693 2767 ⁵)
1712 2734 1824 2759 Erectus

173 2780 242 2804 1134.
349 2779 370 2810 ⁸)
390 2778 504 2804 Erectus
524 2781 591 2804 1301.
699 2780 718 2810 ⁷)
740 2778 854 2804 Erectus
874 2782 944 2805 1403.
