2085 2999
213 123 275 153 3ffl›

264 223 310 250 IV.
325 223 381 249 kal.
426 223 467 249 28.

264 275 310 301 III.
324 274 379 300 kal.
426 275 466 300 29.

280 326 314 352 ΙΙ.
328 327 384 355 kal.
429 326 470 352 30.

324 490 380 516 kal.
446 491 466 516 l.

268 542 314 567 VI.
328 549 392 567 non.
446 542 470 568 2.

278 594 310 620 V.
324 602 386 619 nou.
441 594 464 619 3.

266 688 311 714 IV.
326 697 390 715 non.
443 689 468 714 4.

261 741 308 767 ΙΙΙ.
323 749 386 767 non.
441 740 465 766 5.

277 793 311 818 ΙΙ.
325 801 386 818 non.
441 791 464 817 6.

325 853 388 870 non.
444 844 467 869 7.

233 896 310 922 VIII.
326 895 362 921 id.
442 896 465 921 S.

248 1042 309 1068 VII.
324 1042 359 1068 id.
439 1042 463 1067 9.

264 1093 310 1119 VI.
325 1093 362 1119 id.
429 1092 468 1119 10.

276 1145 309 1171 V.
323 1145 360 1171 id.
424 1145 463 1171 11.

263 1196 311 1222 IV.
325 1196 362 1222 id.
427 1196 465 1222 12.

262 1248 310 1274 III.
326 1248 363 1274 id.
427 1248 453 1273 l.

278 1300 311 1325 ΙΙ.
326 1299 361 1325 id.
428 1300 467 1326 14.

323 1351 360 1377 id.
425 1352 465 1377 15.

221 1405 307 1431 XVII.
322 1405 378 1431 kal.
427 1404 465 1430 16.

234 1499 306 1526 XVI.
323 1499 378 1525 kal.
426 1500 465 1525 17.

251 1636 310 1662 XV.
324 1636 379 1662 kal.
429 1636 458 1661 1*

231 1792 306 1818 XIV.
321 1792 377 1818 kal.
425 1791 463 1818 19.

233 1844 308 1870 XIII.
322 1843 377 1869 kal.
422 1844 463 1869 20.

246 1895 308 1922 XII.
322 1895 377 1921 kal.
423 1895 464 1921 21.

258 1947 304 1972 XI.
318 1946 374 1973 kal.
420 1947 460 1972 22.

275 1999 307 2025 X.
320 1999 376 2024 kal.
421 1999 463 2025 23.

258 2050 303 2076 IX.
318 2050 373 2076 kal.
420 2051 460 2076 24.

231 2144 305 2170 VIII.
319 2145 375 2171 kal.
420 2145 462 2170 25.

245 2282 305 2308 VII.
318 2282 374 2308 kal.
420 2282 461 2308 26.

257 2376 304 2401 VI.
318 2376 373 2402 kal.
419 2377 459 2402 27.

275 2427 306 2453 V.
321 2428 377 2454 kal.
423 2428 464 2454 28.

260 2480 306 2505 IV.
320 2480 376 2505 kal.
420 2480 460 2506 29.

256 2574 305 2600 ΠΙ.
320 2574 375 2599 kal.
420 2574 461 2601 30.

270 2668 302 2693 II.
318 2667 373 2693 kal.

418 2669 459 2694 31.

718 119 741 145 N
748 118 984 147 ECROLOGIUM
1004 120 1184 147 WELTENB
1190 121 1365 148 URGENSE.

513 215 711 256 Adalpertus
736 226 777 246 ex
801 215 883 247 laico
908 226 955 247 cv.
980 215 1011 247 S.
1029 216 1236 248 Emmerami.
1284 224 1334 251 Ob,
1354 225 1493 252 Alhardus
1512 226 1636 253 subdiac,
1656 236 1679 253 n.
1701 236 1743 261 cg,
1762 227 1793 253 fr.

513 266 695 308 Sintpertus
719 266 983 308 Radasponensis
1007 278 1074 309 eps.
1122 268 1181 299 Ob.
1206 268 1329 299 Bertha
1352 269 1383 309 1.,
1407 269 1473 300 filia
1497 269 1655 302 advocati,

517 318 711 349 Gerhalmus
734 318 883 350 inclusus.
930 319 1102 350 Heinricus
1126 330 1207 350 eom.
1244 319 1436 351 chunradus
1459 321 1590 352 Zebeno
1614 322 1634 353 1.
1680 329 1811 356 Hechart.

920 415 1158 452 OCTOBER.

514 472 660 513 Oalricus
685 490 775 521 puer.
810 480 984 512 Irmindrit
1007 492 1047 512 m.
1073 482 1113 514 de
1137 483 1285 524 Baergen.
1333 482 1393 514 Ob.
1418 483 1573 514 Albertus
1597 484 1616 514 l.

516 532 688 568 Meinbort.
714 531 859 563 Chunrat
882 533 914 564 li.

512 583 573 615 Ob.
597 583 786 624 Leupoldus
814 583 883 632 pbr.
911 588 943 615 et
966 595 1006 615 m.
1032 596 1061 616 n.
1087 595 1134 627 cg.
1160 585 1197 617 fr.
1244 594 1304 628 [Ob.
1329 593 1484 628 Rudigems
1512 593 1575 620 abb.
1603 593 1685 620 huius
1705 593 1772 620 Ioci.
1802 596 1864 628 post

568 635 621 660 hoc
640 634 704 660 abb.
724 634 752 660 in
772 634 925 669 Pn'ffining]

514 679 702 711 Adalwinus
726 679 990 721 Radasponensis
1015 691 1081 722 eps.
1116 680 1177 712 Ob.
1202 680 1324 712 Bertha
1348 691 1389 712 m.
1429 680 1548 712 Cuniza
1572 682 1591 712 l.

510 731 683 762 Heinrieus
706 732 892 772 imperator.
938 732 1119 763 Rimundus
1142 743 1182 764 m.
1208 743 1237 763 n.
1262 743 1310 773 eg.
1344 732 1554 763 YVicmannus
1577 733 1598 763 l.
1637 730 1728 764 're-ta.

511 783 572 814 Ob.
589 772 737 814 &ah-icus
762 794 825 814 sac.
872 783 933 816 Ob.
958 783 1085 815 Ulricus
1107 784 1127 815 l.

515 834 575 866 Ob.
600 834 773 865 Heinrious
796 835 816 866 I.
843 835 883 866 de
907 835 1031 866 Pffloeh
1056 836 1189 867 occisus.
1236 843 1287 870 Ob.
1307 843 1452 877 Ger-uagus
1472 852 1525 869 sac.
1544 845 1572 869 et
1592 852 1626 869 m.
1647 852 1671 868 n.
1691 852 1733 877 cg.
1752 843 1784 869 fr.

513 887 710 918 Guntherius
733 886 997 928 Radasponensis
1022 898 1088 929 eps,
1127 888 1304 920 Rbtherius
1328 898 1395 930 eps,
1421 887 1461 919 de
1485 887 1607 918 Tarvis.
1642 886 1828 918 Adlhardus
1845 887 1864 917 1.

570 938 670 969 ΤΓΠῒὶὶ
694 938 713 969 l·
752 938 968 970 Hermannus.
1011 947 1150 973 Alhardus
1169 947 1259 974 senior
1278 946 1338 981 pbr.
1358 950 1385 974 et
1405 956 1440 973 111.
1459 946 1485 973 S.
1505 945 1618 980 Georgii
1638 945 1666 972 in
1686 946 1864 981 Pruevingin.

573 989 624 1015 Ob.
644 989 781 1016 Gedrudis
800 989 835 1015 la.
857 988 954 1015 villica
973 989 1006 1015 de
1027 989 1129 1016 Puech.

511 1032 647 1064 Sanctus
672 1032 868 1064 Guntherius
892 1033 1051 1064 heremita
1074 1044 1115 1064 m.
1141 1033 1223 1065 bone
1248 1034 1413 1065 memorie.

515 1084 598 1115 Tuto
622 1084 885 1125 Radasponensis
910 1095 978 1125 eps.

510 1135 622 1167 Gisila.
660 1136 833 1167 Heinricus
858 1136 876 1167 1.

513 1187 574 1218 Ob.
598 1187 837 1229 Erehengerius
861 1187 936 1218 abb.
961 1187 1055 1218 huius
1079 1187 1215 1219 cenobii.
1263 1195 1313 1222 Ob.
1334 1196 1430 1222 Petrus
1450 1195 1483 1222 de
1503 1195 1588 1222 Ekke.

443 1248 466 1273 3,
513 1239 703 1280 Sympertus
728 1239 797 1280 pbr.
823 1243 856 1270 et
879 1250 920 1270 m.
965 1239 1125 1270 Ermolint
1149 1240 1189 1270 la.

513 1291 697 1322 Fridericus
722 1292 740 1322 l.
767 1291 817 1322 ob.
863 1291 967 1322 Rihza
991 1302 1052 1322 sor.
1078 1302 1143 1322 nra.
1171 1291 1221 1322 ob.
1267 1291 1429 1322 Hem-icus
1453 1290 1534 1322 diae.
1559 1301 1588 1321 n.
1613 1301 1662 1332 cg.
1687 1289 1723 1320 fr.

511 1343 750 1384 Megiuwardus
773 1354 815 1374 m.
841 1354 869 1374 n.
895 1354 944 1385 cg.
991 1342 1052 1374 Ob.
1077 1343 1287 1374 Eberhardus
1311 1353 1374 1374 sac.
1400 1346 1432 1374 et
1456 1353 1497 1374 m.
1522 1353 1551 1373 n.
1577 1353 1625 1383 eg.
1651 1341 1687 1372 fr.

512 1395 625 1426 Pucko
651 1395 686 1426 fr.
712 1406 741 1425 n.
777 1395 943 1426 Kaeilinus
968 1396 987 1425 I.
1035 1394 1202 1426 Gotfridus
1227 1395 1246 1426 1.
1282 1394 1389 1436 Digna
1413 1405 1454 1426 m.
1490 1394 1672 1425 Wernbure
1697 1393 1737 1424 la.
1784 1400 1863 1427 Luid-

571 1446 647 1472 bicus
666 1446 788 1472 subdiac.
809 1448 835 1473 et
856 1456 889 1472 m.
909 1446 941 1472 fr.
961 1455 986 1472 n.

511 1490 711 1531 Adalpertus
735 1489 815 1521 diac.
848 1494 880 1521 et
908 1501 949 1521 m.
1000 1490 1165 1521 Perwieus
1195 1491 1214 1521 1.
1262 1490 1444 1521 Volmarus.
1494 1488 1685 1520 chunradus
1714 1489 1734 1519 1.
1778 1495 1864 1521 Haert-

569 1540 653 1567 wicus
672 1541 690 1566 I.
711 1541 854 1567 calciator.
893 1541 942 1567 Ob.
963 1541 1119 1567 Fridericus
1139 1542 1198 1575 pbr.
1219 1543 1245 1567 et
1265 1551 1299 1567 m.
1320 1541 1352 1567 fr.
1372 1550 1396 1566 u.
1418 1541 1451 1567 de
1471 1537 1605 1571 Mssnster,
1634 1539 1696 1566 abb.
1724 1539 1864 1572 quondam

569 1583 682 1610 ibidem.

443 1636 466 1661 C.
513 1627 574 1659 Ob.
599 1627 771 1658 Heinricus
796 1627 878 1659 diac.
904 1632 936 1659 et
960 1639 1000 1659 m.
1047 1627 1259 1659 Gamanolfus
1283 1628 1352 1669 pbr.
1393 1627 1560 1668 Lupoldus
1584 1637 1630 1657 ev.
1655 1630 1687 1657 et
1702 1636 1742 1657 m.
1781 1626 1862 1657 Irm-

569 1679 679 1720 gardis
708 1680 728 1710 l.
759 1679 799 1710 de
824 1680 957 1710 Pau...
1003 1679 1116 1710 siboto
1149 1679 1218 1720 pbr.
1250 1683 1282 1710 et
1309 1690 1351 1711 m.
1383 1678 1492 1710 Sancti
1520 1678 1610 1709 Petri
1638 1678 1670 1708 in
1698 1677 1864 1719 Superiori

572 1730 806 1771 <Monastel'i0>.
861 1739 910 1765 Ob.
930 1739 1073 1772 Nycolaus
1093 1738 1305 1773 Ratisponensis
1325 1748 1380 1773 eps.
1401 1738 1446 1772 pie
1467 1737 1605 1765 memorie.

508 1782 681 1814 Heinrieus
705 1793 794 1824 puer.

510 1834 669 1876 Heripato
694 1835 801 1875 abb.1)
847 1835 916 1866 Leo
942 1835 960 1865 1.
1000 1835 1173 1866 Heinricus
1197 1835 1321 1865 ianitor.
1369 1842 1485 1868 Weudel
1506 1842 1541 1867 la.

510 1886 692 1918 Hawardus
717 1897 763 1918 cv.

507 1937 568 1969 Ob.
593 1939 742 1970 Alhaidis
766 1938 915 1980 pellifioa.

509 1990 693 2021 Fridericus
717 1991 736 2021 1.
777 1990 950 2022 Heinricus
975 1991 993 2021 l.
1034 1990 1196 2021 Gedrudis
1221 1990 1260 2021 la.

506 2041 633 2073 [lriCus
657 2043 676 2073 l.
713 2042 834 2073 Rudolt
858 2042 877 2073 l.
914 2042 1062 2073 Alhaidis
1086 2042 1125 2073 Ia·
1162 2050 1211 2075 Ob.
1233 2049 1379 2075 Ham-icus
1400 2049 1570 2075 Peuchomer
1590 2048 1649 2082 pbr.
1669 2050 1697 2074 et
1717 2057 1751 2073 m.
1772 2056 1796 2074 n.
1819 2056 1860 2081 eg.

568 2093 606 2119 fr..
628 2093 675 2126 qui
696 2093 773 2119 dedit
794 2093 903 2119 vineam
923 2093 1006 2119 oblie.

509 2128 679 2167 &dall-icus
703 2136 777 2167 abb·
817 2144 866 2170 Ob.
884 2144 1065 2170 Venczeslaus
1086 2144 1177 2177 (lyam.
1203 2146 1292 2170 rector
1311 2143 1461 2170 scolarum.
1484 2144 1512 2168 et
1532 2142 1668 2175 Hayrieus
1689 2144 1769 2175 pater
1787 2150 1859 2167 suus.

567 2187 617 2213 Ob.
642 2187 773 2213 Albertus
799 2187 862 2213 abb.
883 2187 916 2213 de
932 2187 1180 2220 Weychensteven.
1225 2186 1275 2212 Ob.
1296 2185 1442 2212 Hainrieus
1463 2185 1631 2219 Zeyglaryus
1654 2185 1684 2212 1..
1710 2185 1757 2218 qui
1783 2184 1861 2211 dedit

567 2231 646 2256 nobis
667 2230 760 2257 vineta
780 2233 808 2257 et.
827 2239 908 2264 agros
927 2231 962 2256 ad
982 2231 1127 2264 0(I‘›)lyam.

508 2274 568 2305 Ob.
595 2274 791 2305 Godefridus
822 2274 965 2305 subdiac.
996 2278 1028 2305 et
1051 2285 1092 2305 m.
1111 2285 1139 2305 n.
1165 2286 1213 2315 cg.
1239 2274 1275 2304 fr.
1314 2273 1558 2304 Wolfframnms
1582 2272 1601 2302 l.
1638 2279 1688 2305 Ob,
1710 2278 1860 2305 Leitwinus

567 2325 626 2359 pbr.
647 2328 673 2351 et
694 2335 729 2351 111.
749 2326 781 2351 fr.
801 2335 825 2351 n.
846 2326 880 2351 de
900 2325 1030 2351 Piburch.

506 2368 694 2399 Mahthildis
718 2368 812 2399 abba.
852 2369 1046 2400 Perhtoldus
1070 2379 1158 2410 puer.

510 2420 616 2451 Ernist
640 2431 720 2451 com.
762 2420 947 2461 Chunigunt
970 2421 1010 2451 la.
1050 2421 1130 2451 Imia
1155 2431 1196 2452 m.
1214 2445 1220 2451 .
1241 2445 1246 2450 .
1298 2428 1347 2454 OQ».
1369 2427 1478 2454 L‘lrious
1498 2428 1514 2453 1.
1535 2427 1567 2453 de
1587 2425 1762 2459 Tyrenpsxeh.

508 2464 664 2503 Oalricus.
700 2471 910 2503 Wernherus.
947 2472 1166 2503 Hartmannus
1190 2473 1209 2503 1.
1255 2480 1305 2506 ob.
1321 2479 1471 2506 Hainreieh
1486 2478 1632 2504 Plaenchel.
1652 2476 1858 2504 ecclesiasticus

570 2523 597 2548 in
618 2522 824 2549 Pfiehenhofen.

508 2566 713 2597 Purehardus
744 2567 817 2598 abb.
849 2566 889 2597 de
923 2566 953 2598 S.
980 2567 1122 2603 Quirino.
1174 2558 1329 2598 bah-icus.
1375 2566 1452 2597 Otto
1482 2576 1562 2596 com.
1610 2572 1659 2598 Oh.
1686 2571 1858 2599 Eberhardus

567 2617 628 2651 pbr.
647 2619 676 2644 et
695 2627 729 2643 m.
750 2627 774 2643 11.
796 2627 837 2651 eg.
857 2618 887 2643 fr.

506 2661 689 2701 Meingotus
713 2661 786 2692 abb.
813 2661 852 2692 de
878 2661 975 2692 Prulo
1000 2661 1050 2692 ob.

313 2764 331 2794 ¹)
353 2763 387 2788 In.
407 2763 433 2788 R
450 2771 546 2789 »mnus
564 2765 665 2790 saeculi
687 2764 768 2790 XVI.
790 2764 856 2789 male
875 2763 952 2789 addit
972 2764 1051 2790 huius
1072 2764 1133 2790 loci.
