2085 2999
234 252 282 280 IX.
295 253 352 280 kal.

207 424 280 451 VIII.
295 424 351 450 kal.

218 597 277 624 VII.
291 596 347 623 kal.

236 725 285 752 VI.
297 724 353 751 kal.

251 940 284 966 V.
298 940 354 966 kal.

235 1026 288 1059 ‚1V.
301 1025 358 1052 kal.

250 1111 284 1137 11.
298 1111 354 1137 kal.

253 1359 288 1385 11.
301 1367 363 1385 non.

299 1410 362 1429 non.

242 1445 289 1472 VI.
302 1445 338 1471 id.

255 1574 288 1600 V.
301 1573 338 1601 id.

241 1918 290 1944 III.
303 1917 340 1944 id.

260 2091 295 2118 II.
308 2091 344 2117 id.

195 2304 295 2332 XVIII.
309 2306 364 2332 kal.

206 2478 292 2506 XVII.
306 2480 362 2506 kal.

221 2566 295 2592 XVI.
308 2566 364 2592 kal.

221 2609 296 2635 XIII.
310 2609 366 2635 kal.

391 157 500 184 LIBER
521 154 881 183 ANNIVERSARIORUM
901 153 1077 180 FRATRUM
1096 152 1273 179 MINORL‘M
1291 151 1625 178 RATISBONENSIUM.
1769 154 1829 183 251

398 253 440 279 24.

396 424 437 450 25.

392 596 433 622 26.

398 724 438 750 27.

399 940 440 966 28.

403 1025 443 1051 29.

399 1111 441 1137 31.

408 1919 448 1945 11.

410 2091 448 2117 12.

412 2307 451 2332 14.

409 2481 449 2506 15.

411 2566 451 2592 16.

413 2611 453 2637 19.

494 251 544 278 Ob.
557 250 722 277 reverendus
741 258 768 283 p.
788 249 1012 276 sr.Wenzes1aus
1030 247 1140 275 Meller,
1159 246 1298 280 quondam
1318 247 1410 272 eustos
1430 245 1554 272 Bawarie
1574 247 1602 272 et
1621 245 1716 272 valens
1735 246 1830 278 lector,

540 294 589 327 qui
617 292 765 319 conventui
790 292 880 319 multa
913 292 988 318 bona
1011 290 1090 321 feeit,
1118 290 1165 316 hie
1190 289 1328 324 sepultus,
1355 298 1428 315 anno
1457 289 1560 314 domini
1588 288 1707 315 1371.***
1744 289 1830 315 Anni-

540 335 677 363 versarius
696 336 775 361 Anne
793 334 1005 369 Ingolstetterin
1029 336 1058 361 et
1082 333 1198 359 duorum
1226 332 1389 358 maritorum
1415 332 1473 358 eius
1501 331 1619 358 Erhardi
1644 333 1672 358 et
1691 332 1738 358 Ch.
1760 331 1832 358 Pfol-

538 379 632 406 chofer
651 378 808 405 celebratur
826 378 876 404 sub
896 386 976 411 pena,
996 385 1067 403 anno
1087 375 1191 402 domini
1213 376 1287 405 1444,
1308 384 1369 401 cum
1388 374 1478 401 tribus
1497 375 1595 401 missis.

491 422 540 449 Ob.
555 422 727 449 Liebhardus
742 421 880 448 Tueehler
898 422 927 447 et
940 420 1032 454 Breyd
1049 428 1125 450 uxor,
1145 427 1261 452 quorum
1280 417 1484 444 anniversarius
1504 418 1661 444 celebratur
1680 418 1730 444 sub
1750 426 1831 451 pena.

542 466 612 492 Item
627 464 831 492 anniversarius
846 463 962 490 Fridriei
976 463 1120 493 Tuechler,
1140 461 1263 488 Petrissa
1281 470 1349 487 uxor
1368 461 1424 493 (sie)
1439 460 1596 487 celebratur
1613 461 1664 487 sub
1684 469 1756 494 pena
1775 463 1833 487 tres

541 508 600 535 dies
619 509 684 534 ante
703 508 870 533 Palmarum.
908 505 1129 540 [Anniversarius
1157 504 1261 531 domini
1281 503 1392 530 Ottonis
1411 503 1518 530 Graner
1537 503 1652 530 iunioris
1675 503 1834 530 celebratur

543 551 592 578 sub
612 560 685 585 pena.
704 559 767 577 cum
785 550 890 583 uxore]

487 594 698 621 Anniversarius
717 593 820 620 domini
840 592 916 619 Petri
935 591 1148 618 Falkenstainer
1172 594 1201 617 et
1223 590 1316 616 uxoris
1344 592 1373 616 et
1392 589 1502 616 Alberti
1526 589 1646 615 Nothaft
1665 591 1693 615 et
1712 589 1835 615 habetur

539 637 589 664 sub
615 645 694 670 pena.
739 637 826 667 Nota,
857 635 1062 662 anniversarius
1081 633 1249 661 venerabilis
1275 632 1380 660 domini
1399 632 1533 659 Iohannis
1559 632 1685 663 FuchseL
1708 631 1835 658 canonici

540 679 654 706 maioris
673 679 797 710 ecclesie,
817 679 974 705 celebratur
992 678 1042 704 sub
1062 686 1141 711 pena.

492 723 581 753 Nota,
610 722 813 748 anniversarius
837 721 941 748 domini
966 721 1075 747 Andree
1098 719 1307 753 Regeldorffer*
1335 721 1363 745 et
1384 718 1432 745 Ch.
1452 717 1640 752 Regeldorffer
1664 719 1693 744 et
1712 717 1835 743 omnium

542 767 691 800 parentum
719 767 782 792 octo
811 765 870 791 dies
897 766 962 791 ante
983 764 1026 790 vel
1052 765 1116 797 post
1144 761 1468 793 Annuneiacionem7⁸de
1495 771 1549 794 quo
1572 761 1706 787 habemus
1732 761 1835 787 bonum

542 811 663 843 pratum,
683 817 756 834 anno
778 808 852 834 1434.
888 807 1100 833 Anniversarius
1112 806 1253 840 Margrete
1267 804 1435 831 Wundrerin
1449 804 1614 830 celebratur.
1651 804 1721 830 Item
1735 803 1835 830 Perch-

543 851 615 878 toldi
638 851 775 878 Smelczer
799 853 827 877 et
845 850 945 877 uxoris.
983 849 1046 884 [Ob.
1065 849 1096 875 fr.
1122 848 1233 875 Ulricus
1252 847 1382 879 Strieker‚
1407 848 1545 873 confessor
1570 848 1598 872 et
1622 847 1718 873 valens
1741 847 1835 879 frater,

542 904 614 922 anno
635 894 739 921 domini
760 894 845 927 1436]

493 937 705 965 Anniversarius
723 936 828 964 domiui
847 936 935 962 Ulrici
956 930 1145 968 Domwanger
1163 933 1315 960 sacerdotis
1335 933 1499 960 celebratur.
1536 933 1606 959 Item
1630 933 1836 959 anniversarius

544 980 671 1007 Hainriei
690 981 810 1007 Her-man
830 979 859 1005 in
877 980 939 1005 dem
959 979 1084 1007 Stiiblen.
1104 978 1150 1004 Els
1168 977 1262 1004 uxoris
1281 977 1445 1003 celebratur.

498 1024 548 1050 Ob.
567 1024 668 1050 Ursula
686 1022 904 1053 Wolfsteinerin,
925 1030 992 1048 uxor
1011 1021 1116 1048 domini
1134 1019 1281 1047 Wilhehni
1300 1019 1333 1045 de
1351 1018 1509 1049 Paulstorffi
1537 1027 1609 1044 anno
1632 1018 1735 1044 domini
1762 1019 1836 1050 14:35,

542 1067 590 1093 1110
609 1067 772 1101 sepultam)

494 1109 707 1137 Anniversarius
725 1108 828 1144 Rugeri
848 1108 1009 1142 Tollinger*
1030 1109 1058 1134 et
1076 1106 1233 1140 Wilburgis
1252 1104 1404 1139 Sarburgin
1424 1104 1587 1130 celebratur.
1625 1103 1838 1130 Anniversarius

544 1153 642 1180 sororis
657 1153 774 1179 Perchte
788 1151 902 1178 Volklin
918 1151 1075 1177 celebratur
1094 1150 1144 1176 sub
1163 1157 1244 1183 pena.
1271 1147 1483 1174 Anniversarius
1498 1146 1641 1173 Gertrudis
1655 1146 1838 1181 Hochsa‘mgin

547 1196 703 1222 celebratur
721 1195 791 1222 feria
810 1196 888 1221 sexta
907 1196 971 1228 post
990 1193 1078 1220 Pasca
1096 1192 1147 1218 sub
1167 1200 1247 1226 pena.

913 1292 1115 1328 APRILIS.

497 1358 556 1392 [Ob.
576 1359 607 1384 fr.
626 1358 758 1385 Albertus
777 1357 962 1387 Haselbechk,
983 1356 1120 1383 confessor
1140 1355 1312 1382 dominarum
1333 1356 1361 1380 et
1381 1354 1476 1380 valens
1494 1353 1671 1388 predicator]

493 1401 621 1428 Elisabet
639 1401 774 1435 purgerin
793 1401 826 1427 de
846 1400 968 1434 Hirsiug,
989 1399 1066 1426 cuius
1086 1398 1290 1425 anniversarius
1311 1398 1475 1424 celebratur.

497 1446 577 1471 Anno
590 1444 695 1471 domini
711 1444 774 1471 1317
795 1445 838 1471 ob.
858 1443 984 1470 dominus
1006 1442 1170 1468 Perhtoldus
1184 1441 1325 1472 Paulse1·*‚
1345 1441 1391 1466 1110
1409 1440 1543 1474 sepultus⁷
1563 1448 1635 1465 anno
1656 1448 1719 1465 vero
1733 1438 1839 1465 domini

548 1488 615 1514 1328
634 1488 663 1514 in
683 1487 726 1514 die
746 1487 848 1514 Briecii
868 1487 911 1513 ob.
931 1486 1057 1513 Gerhaus
1075 1494 1144 1512 uxor
1162 1493 1219 1511 sua.
1257 1485 1298 1518 [In
1321 1483 1442 1510 crastino
1463 1483 1623 1509 Palmarum
1642 1491 1713 1508 anno
1733 1481 1839 1508 domiui

549 1532 614 1557 1467
634 1532 677 1558 ob.
696 1531 728 1557 fr.
749 1531 885 1557 lohannes
904 1528 1152 1563 Heydenheuppel,
1173 1528 1310 1554 confessor
1329 1526 1502 1553 dominarum
1523 1526 1624 1552 Sancte
1644 1525 1742 1558 Clare]

496 1575 575 1601 Anno
595 1574 698 1601 domiui
720 1574 786 1600 1926
812 1574 855 1600 ob.
883 1572 1049 1600 reverendus
1073 1572 1100 1598 in
1128 1571 1238 1597 Christo
1257 1572 1339 1604 pater
1361 1572 1389 1597 et
1408 1569 1546 1600 dominus,
1566 1569 1692 1594 dominus
1712 1568 1759 1594 Ch.
1781 1577 1837 1601 eps.

548 1617 770 1651 Ratisponensis,
798 1616 929 1642 fundator
958 1615 1086 1641 Fratrum
1113 1614 1251 1640 Minorum
1276 1613 1304 1639 111
1329 1612 1496 1646 Ratispona.
1524 1611 1572 1645 qui
1600 1612 1633 1638 (10
1664 1611 1781 1644 antiqua
1811 1614 1841 1636 et

547 1660 637 1687 nobili
657 1660 789 1694 progenie
803 1659 937 1686 comitum
956 1659 989 1685 de
1002 1658 1231 1684 Frantenhausen
1250 1657 1366 1683 ultimus
1379 1656 1484 1685 haeres,
1505 1655 1577 1680 filius
1591 1653 1714 1680 Heinriei
1729 1653 1840 1680 comitis

549 1703 582 1730 (10
601 1703 842 1733 Frantenhausen,
868 1702 923 1729 suit
941 1701 1100 1736 prepositus
1126 1700 1154 1726 in
1173 1699 1319 1733 Freysing,
1347 1699 1394 1725 sed
1414 1699 1528 1732 propter
1555 1706 1631 1723 suam
1658 1696 1839 1722 sanctitatem

551 1746 655 1772 electus
674 1748 734 1773 erat
747 1746 776 1772 111
789 1746 950 1779 episcopum
963 1744 1202 1778 Ratisponensem,
1222 1742 1270 1776 qui
1283 1741 1397 1768 vendito
1415 1750 1463 1767 suo
1477 1739 1645 1774 patrimonio
1664 1748 1714 1773 pro
1733 1739 1801 1766 7000
1812 1740 1838 1766 {b

549 1789 793 1823 Ratisponensium
814 1788 955 1815 edificavit
974 1787 1144 1820 hospitalem
1166 1786 1195 1811 in
1220 1786 1290 1819 pede
1310 1785 1402 1819 pontis
1422 1783 1588 1817 Ratispone3
1613 1785 1674 1809 erat
1700 1782 1774 1808 enim
1799 1782 1842 1807 vir

552 1835 644 1859 castus
664 1834 692 1859 et
710 1833 836 1862 devotus,
856 1834 964 1858 amator
982 1833 1010 1858 et
1030 1830 1150 1857 nutritor
1167 1838 1334 1863 pauperum,
1361 1828 1439 1854 0111115
1458 1826 1663 1853 anniversarius
1683 1826 1840 1852 celebratur

550 1875 579 1901 in
598 1875 643 1902 (110
662 1876 821 1902 Palmarum
841 1884 903 1901 eum
923 1874 1028 1909 vigiliis
1048 1875 1076 1899 et
1094 1873 1164 1899 feria
1183 1872 1303 1899 secunda
1322 1873 1385 1905 post
1405 1880 1465 1897 cum
1485 1871 1568 1896 missa
1588 1869 1788 1895 defunctorum.

501 1918 582 1945 Feria
601 1919 727 1946 Secunda
754 1921 817 1952 post
837 1918 1004 1944 dominicam
1025 1914 1282 1949 Quasimodogeniti
1302 1915 1458 1940 celebratur
1481 1912 1687 1939 anniversarius
1711 1911 1840 1946 magistri

553 1961 645 1988 Georii
657 1962 788 1996 lapicide,
808 1962 891 1987 Kath.
906 1960 1004 1991 uxoris,
1023 1959 1151 1993 magistri
1164 1957 1282 1992 Seyfridi
1307 1957 1424 1991 pictoris
1444 1957 1477 1983 de
1497 1957 1648 1990 Ainberga,
1676 1955 1793 1989 Agnetis
1812 1957 1842 1981 et

550 2005 638 2039 Marg.
658 2014 771 2031 uxorum
791 2006 819 2031 et
832 2004 953 2031 omnium
969 2002 1140 2037 (parentum)
1161 2002 1210 2028 sub
1230 2009 1310 2035 pena,
1330 2009 1401 2026 anuo
1422 1999 1525 2026 domini
1546 2000 1620 2029 1454,
1641 1998 1718 2032 [fecit
1737 1998 1841 2024 vitrum

551 2047 580 2074 in
600 2048 683 2074 choro
703 2057 764 2074 eum
784 2047 937 2082 apostolis]

505 2091 554 2117 Ob.
579 2091 705 2117 dominus
729 2091 839 2117 Ulricus
864 2091 1048 2124 Kempnater,
1067 2089 1161 2121 miles,
1187 2089 1234 2115 1110
1253 2088 1392 2122 sepultus,
1418 2095 1489 2113 anno
1514 2084 1618 2111 domiui
1642 2084 1716 2111 1273.
1758 2084 1842 2115 Nota,

552 2134 756 2160 anniversarius
774 2133 945 2160 honorabilis
965 2133 1029 2163 viri,
1048 2132 1154 2159 domini
1179 2131 1312 2159 Libhardi
1331 2130 1530 2164 Prenpecken*
1551 2130 1579 2155 et
1598 2127 1770 2154 honorabilis
1791 2126 1843 2152 viri

553 2177 647 2204 Iaeobi
666 2177 775 2204 Pucher
794 2177 951 2203 celebratur
969 2177 1019 2202 sub
1039 2185 1118 2209 pena.
1156 2176 1226 2202 Item
1240 2173 1444 2201 anniversarius
1463 2171 1567 2198 domini
1581 2170 1687 2197 Erasmi
1707 2170 1843 2197 Poschen-

551 2220 659 2249 (lorffer,
678 2220 834 2247 Petronelle
853 2219 945 2246 uxoris
970 2219 1126 2245 celebratur
1145 2219 1194 2245 sub
1214 2226 1298 2252 pena,
1319 2225 1390 2243 anno
1411 2217 1485 2242 1445.
1523 2213 1734 2240 Annivm-sarius
1754 2213 1842 2239 Ulrici

554 2261 715 2290 Hfichkofer
733 2263 897 2290 celebratur.
934 2263 1004 2289 Item
1022 2261 1138 2296 Agnetis
1157 2259 1383 2287 Gstadmulnerin
1402 2259 1566 2285 celebratur.

506 2306 595 2340 [Anno
623 2306 728 2333 domini
755 2308 807 2333 etc.
836 2306 900 2332 1478
923 2305 1092 2332 venerabilis
1116 2304 1242 2330 dominus
1270 2304 1367 2329 Petrus
1386 2302 1470 2331 Pald,
1500 2300 1661 2334 capellanus
1685 2309 1704 2324 5.
1724 2298 1796 2324 Sixti
1815 2298 1843 2324 in

555 2349 677 2380 Summo,
702 2349 779 2376 cuius
802 2348 1008 2375 anniversarius
1034 2348 1189 2375 celebretur
1212 2347 1285 2373 circa
1308 2347 1409 2372 festum
1433 2344 1557 2370 Tibureii
1583 2346 1611 2369 et
1630 2342 1772 2368 Valeriani
1792 2341 1842 2367 sub

553 2402 638 2427 pena,
667 2395 696 2420 et
718 2394 818 2420 dentur
839 2394 959 2426 quatuor
983 2391 1088 2418 denarii
1108 2389 1352 2424 Ratisponensium
1380 2387 1571 2421 componatori
1592 2385 1700 2412 Veteris
1720 2384 1842 2418 Cupelle,

555 2436 578 2462 si
596 2437 650 2462 fuit
669 2445 780 2470 presens
798 2436 827 2461 in
848 2435 946 2469 vigilia
965 2436 993 2461 et
1011 2434 1101 2460 missis
1121 2432 1332 2465 defunctorum]

502 2480 715 2506 Anniversarius
733 2479 821 2513 Engel
841 2477 977 2505 Czellerin
999 2479 1132 2510 quattuor
1156 2476 1214 2503 dies
1239 2478 1306 2502 ante
1332 2475 1376 2501 vel
1399 2475 1464 2507 post
1492 2472 1584 2499 Georii
1613 2471 1770 2497 celebratur
1793 2469 1843 2496 sub

556 2532 636 2557 pena,
656 2531 728 2549 anno
747 2522 850 2549 domini
873 2522 945 2549 1402.

506 2566 566 2599 [Ob.
586 2566 618 2592 fr.
637 2565 777 2591 Fridricus
796 2565 917 2596 Kellner,
938 2562 1163 2596 elemosinarius]

508 2610 596 2643 [Anno
615 2609 715 2635 salutis
733 2609 809 2639 1500,
826 2607 935 2634 decima
954 2609 1055 2633 octava
1074 2605 1186 2640 Aprilis,
1205 2605 1233 2630 111
1253 2603 1353 2638 vigilia
1372 2603 1457 2629 Pasce
1472 2600 1630 2641 ob3nobilis
1650 2608 1681 2625 ac
1695 2607 1844 2633 generosus

558 2652 684 2678 dominus
698 2650 831 2686 Georgius
850 2651 882 2677 de
895 2649 1052 2680 Paulstorff,
1071 2648 1183 2675 maioris
1202 2646 1318 2674 ecclesie
1333 2645 1544 2679 Ratisponensis
1564 2653 1623 2670 can.
1638 2645 1666 2669 et
1679 2641 1845 2668 scolasticus

304 2785 323 2816 ¹)
343 2784 379 2809 In
397 2783 514 2817 maryine
533 2791 609 2808 arma
626 2782 766 2814 utriusque
782 2780 870 2814 yemis
887 2779 1008 2806 videmus.
