2085 2999
231 227 304 252 XIV.
317 226 372 253 kal.

229 384 302 409 XIII.
316 383 372 409 kal.

244 528 304 554 XII.
319 527 376 554 kal.

254 872 298 898 XI.
315 872 370 898 kal.

270 975 301 1001 X.
315 975 371 1001 kal.

258 1174 304 1200 IX.
317 1173 373 1200 kal.

227 1380 302 1407 VIII.
317 1381 371 1407 kal.

241 1537 299 1564 VII.
314 1537 369 1563 kal.

256 1685 301 1711 VI.
316 1685 371 1711 kal.

270 1840 302 1867 V.
317 1840 372 1866 kal.

256 1987 301 2013 IV.
315 1986 371 2012 kal.

259 2039 305 2064 III.
316 2038 371 2065 kal.

420 226 458 253 18.

419 382 458 408 19.

419 527 460 554 20.

415 872 456 897 21.

416 976 456 1002 22.

418 1173 458 1199 23.

417 1381 458 1407 24.

415 1537 456 1563 25.

418 1839 458 1865 27.

417 1986 457 2011 28.

416 2039 456 2065 29.

739 130 1003 159 NECROLOGIUM
1023 133 1311 160 TEGERNSEENSE.
1792 138 1846 166 151

504 217 708 248 Burohardus
732 218 801 259 pbr.
827 221 860 249 et
882 230 923 250 m.
949 219 985 250 fr.
1010 231 1038 250 11.
1085 218 1271 260 Rfidpertus
1295 219 1363 260 pbr.
1389 222 1422 250 et
1448 230 1489 250 m.
1515 220 1554 251 de
1579 219 1695 251 Sancto
1719 220 1850 252 Emma-

563 280 694 300 rammo.
747 270 912 301 Adalbero
948 271 1016 312 pbr.
1050 274 1082 302 et
1109 282 1150 303 m.
1180 271 1219 302 de
1252 270 1368 302 Sancto
1404 270 1591 302 Benedicto.
1646 272 1851 313 Hugiboldus

563 321 643 353 diac.
669 324 701 352 et
724 332 764 352 n1.
791 322 830 352 (10
855 321 971 353 Sancto
997 322 1184 354 Burchardo
1210 323 1260 353 ob.

501 372 628 404 Ulricus
658 373 800 404 subdiac.
831 376 863 404 et
893 384 933 404 m.
965 373 1000 405 fr.
1031 385 1060 405 n.
1107 373 1284 405 Richoldus
1308 374 1381 405 abb.
1428 373 1636 405 Eberhardus
1660 375 1728 416 pbr.
1755 378 1787 406 et
1809 386 1850 406 m.

561 424 707 455 Harento
732 424 811 456 diac.
838 428 870 456 et
893 436 933 456 m.
960 425 999 456 de
1024 425 1140 456 Sancto
1165 425 1320 456 MauriCio
1343 425 1393 457 ob.
1441 433 1577 459 Dominus
1600 434 1715 460 Michael
1730 442 1804 467 ppos.
1823 435 1852 460 in

562 475 712 509 Pollinycn.

506 518 711 561 [Perhtoldus
735 518 804 560 pbr.
831 522 863 550 et
886 530 926 550 m.
953 519 1056 550 dictus
1080 519 1283 560 Tegernseer
1307 519 1357 551 ob.
1383 520 1414 551 in
1435 520 1584 551 Pacurin.
1633 519 1852 561 Chunigundis

561 582 621 602 sor.
646 580 712 601 nra.
739 570 801 610 ob,
824 581 906 602 uxor
928 570 1029 601 Ulrici
1052 571 1263 602 Antlocherii.
1309 571 1488 611 Fridricus,
1512 571 1725 611 Theodrkzus,
1749 572 1851 603 Hain-

561 623 662 663 ricus,
690 622 866 662 Iohannes,
902 622 1115 662 Theodricus‚
1150 623 1310 654 Iohannes
1334 623 1414 664 pbi.‚
1449 623 1639 663 Hainrious,
1674 623 1852 663 Traboehe,

561 674 743 715 Seyfridus,
766 673 957 714 Hainricus⁷
985 673 1171 715 Fulpertus,
1195 674 1413 716 Kunigundis,
1438 674 1651 715 WVeygaudus
1674 674 1852 706 Fuldenses

561 725 633 757 freS.
651 726 708 756 nri.
727 725 790 766 Ob]
829 733 878 759 Ob.
897 733 924 758 in
941 733 1154 766 Reynharsborn
1167 733 1347 764 Hermannus,
1362 734 1505 766 Iohannes,
1520 734 1663 764 Iohannes,
1678 734 1851 765 Kristanuus,

562 776 730 803 Herttwicus
755 776 911 803 sacerdotes
937 778 965 802 et
988 776 1125 803 Iohannes
1149 776 1285 809 subdiac..
1317 776 1463 803 Hainricus
1484 785 1532 808 cv.‚
1554 777 1707 811 Volprecht
1726 780 1754 803 et
1773 777 1852 803 Reiu-

560 820 661 846 hardus
679 819 831 846 familiares
850 819 960 845 ibidem.

503 863 579 894 Otto
616 874 682 904 eps
713 863 936 904 Frisingensis.
988 863 1170 894 Hertwicus
1204 863 1273 904 pbr.
1309 866 1341 894 et
1364 874 1404 894 m.
1430 863 1469 894 de
1506 863 1623 894 Sancto
1660 863 1850 894 Michahele.

560 915 694 956 Hazago
719 915 738 945 l.
764 918 796 945 et
819 926 858 946 m.
885 915 925 945 (10
951 914 1067 945 Sancto
1092 915 1247 945 Mauricio
1273 914 1324 946 ob.

502 967 604 998 Puolo
629 967 727 998 abb..
751 992 756 997 .
778 968 815 1007 .¹)
850 966 1033 997 Hertwicus
1061 966 1130 1007 pbr.
1163 970 1196 997 et
1227 977 1267 997 m.
1298 966 1337 997 de
1371 966 1488 997 Sancto
1524 966 1763 997 Emmerammo
1800 966 1850 996 ob.

559 1018 689 1061 [Daniel
721 1018 823 1049 dictus
851 1018 1061 1048 Holnstainer
1089 1018 1158 1059 pbr.
1188 1022 1220 1049 et
1247 1029 1288 1049 m.
1320 1018 1356 1049 fr.
1386 1029 1414 1049 n.
1440 1018 1490 1049 ob.
1530 1018 1692 1049 Fridricus
1715 1018 1788 1049 abb.
1814 1017 1850 1048 fr.

559 1081 588 1101 n.
611 1070 651 1101 de
674 1069 791 1101 Sancto
814 1069 1054 1101 Emmel'stmmO
1073 1069 1137 1112 Ob]
1173 1078 1222 1104 Ob.
1243 1077 1270 1103 in
1290 1077 1457 1104 monasterio
1479 1077 1590 1111 Campis
1610 1079 1669 1112 (sic)
1692 1077 1852 1112 Principum

562 1121 667 1148 ordinis
686 1121 919 1155 Cysterciensium
940 1120 1065 1147 domiuus
1085 1121 1221 1147 Iohannes
1239 1121 1302 1147 abl».

504 1165 696 1196 Wertherus
720 1165 789 1206 pbr.
834 1164 1018 1206 [Hainricus
1042 1165 1115 1195 abb.
1150 1165 1242 1195 huius
1278 1165 1340 1196 loci
1380 1164 1500 1204 1287.2)
1545 1164 1739 1195 &Vilhelmus
1777 1164 1850 1195 abb.

560 1217 694 1258 Petrus,
727 1217 883 1247 Martinus
918 1217 982 1257 pbi.
1020 1220 1052 1247 et
1079 1228 1120 1248 m.
1165 1217 1325 1248 Iohannes
1357 1216 1556 1255 scolasticus,
1586 1215 1668 1257 Elga
1698 1217 1852 1257 magistra

559 1268 863 1308 sanctimonialium,
898 1268 1068 1305 Katerina.
1104 1268 1289 1309 Elizabcth7
1324 1268 1388 1299 Esa
1422 1268 1578 1299 moniales
1613 1268 1652 1298 (10
1688 1267 1851 1307 Admfind,

560 1321 674 1352 fratres
699 1324 731 1351 Gt
754 1331 879 1351 SOl'Ol'eS
904 1319 969 1362 Ob.]
1015 1328 1151 1354 Dominus
1170 1328 1329 1354 Leonardrts
1348 1328 1402 1353 «bb.
1424 1328 1456 1353 de
1478 1328 1577 1361 Campo
1596 1328 1759 1360 H‘incipmn.

503 1373 698 1404 NVenezlaus
722 1373 796 1403 abb.
821 1373 861 1403 de
886 1372 1003 1403 Sancto
1028 1372 1193 1403 Mauricio.
1245 1372 1346 1414 [Bone
1370 1372 1526 1403 memorie
1550 1371 1689 1402 Karolus
1713 1371 1785 1402 abb.
1811 1371 1851 1402 de

562 1424 679 1455 Sancto
703 1424 952 1455 Emmcrammo.
1000 1423 1189 1455 Ohfinradus
1218 1424 1321 1454 dictus
1348 1423 1499 1464 Raeyner
1523 1423 1591 1464 pbr.
1617 1426 1649 1454 ct
1670 1434 1712 1453 m.
1738 1423 1788 1454 ob.
1814 1422 1850 1453 fr.

562 1488 591 1507 n.
617 1487 699 1507 anno
725 1476 843 1507 domiui
871 1474 972 1519 1310.]

501 1528 708 1570 Amalpertus
732 1528 750 1559 l.
768 1528 805 1558 fr.
822 1538 851 1558 n.
887 1526 1090 1558 Volohradus
1114 1527 1182 1568 pbr.
1210 1530 1243 1558 et
1265 1538 1306 1558 m.
1332 1527 1372 1558 (10
1397 1526 1513 1558 Sancto
1538 1526 1777 1558 Emmerammo
1799 1526 1850 1558 ob.

563 1580 766 1623 [Chunradus
798 1579 817 1611 l.
850 1580 886 1610 fr.
915 1590 944 1610 n.
979 1580 1029 1610 Ob.
1060 1580 1162 1610 dictus
1187 1579 1339 1621 Veh-loz]
1390 1587 1524 1613 Dominus
1552 1586 1714 1612 Leonarclus
1739 1586 1794 1613 abb.
1822 1587 1852 1612 in

570 1632 797 1665 Weyclzonsteren.

451 1705 456 1710 ,
502 1675 639 1706 Iacobus
664 1686 744 1716 puer
768 1675 805 1706 fr.
830 1686 858 1706 11.
877 1675 927 1706 ob.
973 1674 1159 1715 Mcingorus
1183 1675 1256 1706 abb.
1283 1675 1322 1705 (le
1341 1674 1457 1705 Sancto
1475 1674 1643 1715 W'icperto
1669 1674 1718 1704 ob.
1755 1672 1850 1715 [Hilt-

561 1730 640 1767 gunt
662 1727 755 1757 huius
774 1726 894 1756 familie
920 1726 959 1756 (10
977 1725 1131 1757 Ostuinnc
1150 1726 1200 1756 ob.
1236 1726 1448 1767 Marquardus
1465 1725 1484 1756 l.
1503 1725 1553 1756 01).
1569 1725 1671 1756 (lictus
1687 1724 1850 1765 Eglinger.

564 1770 688 1809 Ulricus
713 1778 816 1808 dietus
840 1777 1021 1819 VVfilfinger
1044 1777 1064 1808 l.
1089 1777 1153 1819 ob]

503 1830 679 1871 Ratpertus
709 1830 790 1862 diac.
820 1833 852 1860 et
880 1840 920 1860 m.
953 1829 993 1860 dc
1025 1829 1141 1860 Sancto
1166 1829 1333 1870 NVicperto
1363 1829 1414 1859 ob.
1461 1827 1641 1870 [Gsszwinus
1670 1831 1702 1858 et
1725 1827 1851 1857 Ulricus

561 1882 624 1923 pbi.
651 1885 683 1913 et
706 1893 746 1912 m.
772 1882 889 1912 Sancte
906 1881 1007 1912 Mario
1032 1881 1062 1911 in
1080 1881 1269 1921 Eberwach,
1294 1881 1369 1911 fres.
1394 1881 1450 1911 nri.
1476 1880 1539 1922 ob]
1585 1888 1716 1913 Dominus
1738 1887 1852 1912 Michael

562 1933 617 1958 abb.
637 1932 669 1958 de
687 1932 782 1958 Sancto
802 1933 1003 1958 Emmcrammo.

502 1977 691 2008 Herrandus
714 1976 783 2017 pbr.
810 1979 842 2007 ct
865 1987 906 2007 m.
932 1976 972 2007 (10
997 1976 1114 2006 Sancto
1140 1975 1331 2007 Sebastiano
1357 1975 1408 2006 ob.

504 2029 618 2059 Obitus
646 2028 809 2059 Zakkouis
832 2028 958 2059 abbatis
980 2027 1073 2058 huius
1097 2028 1167 2059 loci.
1203 2027 1343 2067 Eberaa)
1367 2027 1447 2058 diac.
1471 2030 1502 2058 et
1524 2038 1565 2057 m.
1591 2027 1663 2058 fres.
1687 2027 1743 2057 nri.
1769 2026 1848 2066 (sic).

561 2081 688 2112 Otolfus
705 2081 774 2122 pbr.
793 2083 824 2111 et
840 2091 881 2111 m.
900 2080 940 2111 (10
959 2080 1076 2111 Sancto
1090 2080 1268 2120 WVicperto.
1298 2080 1460 2110 Dictricus
1479 2079 1547 2120 pbr.
1567 2082 1599 2109 et
1615 2089 1656 2109 m.
1675 2078 1714 2109 (10
1732 2078 1848 2109 Sancto

563 2133 804 2164 Emmerammo
829 2133 878 2163 ob.
924 2131 1128 2163 Ratmundus
1153 2131 1226 2162 abb.
1252 2131 1292 2162 (10
1318 2131 1452 2162 Sancto.
1470 2132 1528 2170 ..³)

272 2194 306 2220 ΙΙ.
320 2193 374 2220 kal.
421 2193 461 2220 30.
508 2184 697 2216 Chunradus
720 2185 788 2226 pbr.
814 2187 847 2215 et
862 2195 914 2225 m„
939 2183 1186 2215 Erchcnhardus
1209 2183 1228 2214 l.
1248 2187 1279 2214 et
1295 2195 1347 2219 m..
1372 2184 1445 2214 fres.
1462 2184 1518 2213 nri.
1567 2181 1756 2213 Chfinradus
1780 2181 1848 2222 pbr.

564 2241 596 2268 et
611 2248 652 2268 m.
671 2237 710 2267 de
729 2236 845 2267 Sancto
863 2236 991 2277 Magno.
1027 2236 1198 2267 Hainricus
1215 2236 1282 2276 pbr.
1302 2240 1334 2267 et
1350 2247 1390 2266 111.
1409 2235 1525 2266 Sancto
1543 2235 1653 2265 Mario.
1690 2233 1851 2275 [Riigcrus

562 2289 675 2330 scriba,
701 2289 841 2319 subdiac.
861 2288 911 2319 ob.
950 2289 1039 2319 Bone
1063 2289 1218 2319 memorie.
1235 2288 1380 2319 Albanus
1404 2288 1496 2318 miles
1514 2288 1553 2318 dc
1571 2286 1850 2318 Reichcrsbucren

562 2341 624 2381 ob..
649 2340 775 2382 dapifer
798 2341 890 2371 huius
916 2339 1074 2382 ecclesie]

305 2524 329 2555 ²2)
348 2524 387 2548 B:
406 2525 512 2549 Eberus.

314 2593 332 2623 ¹)
353 2591 457 2618 Nomen
486 2592 639 2617 monasterii
658 2599 762 2617 erasum
786 2594 830 2618 est.
936 2592 955 2623 ²)
982 2591 1083 2617 Nomen
1105 2600 1189 2616 mmm
1213 2591 1352 2617 recentiore
1372 2597 1463 2615 erasae
1487 2592 1565 2615 motae
1584 2589 1639 2614 loco
1665 2588 1800 2619 additum
1825 2587 1850 2612 R

202 2633 356 2667 adscripsit:
375 2635 511 2662 secundus
533 2635 606 2661 1273.
713 2636 733 2667 ⁸)
755 2635 857 2660 Nomen
876 2635 1015 2666 abscisum,
1033 2635 1214 2667 supplendum
1232 2637 1269 2660 esc
1292 2633 1434 2660 Mauricio.
