2085 2999
249 242 282 269 V.
295 241 332 268 id.

236 284 283 311 IV.
296 284 333 311 id.

237 327 285 354 III.
299 327 336 354 id.

248 413 282 440 II.
296 413 332 439 id.

292 456 330 483 id.

190 499 276 526 XVII.
290 499 346 526 kal.

203 585 277 613 XVI.
290 585 346 613 kal.

218 628 277 655 XV.
290 629 347 655 kal.

203 671 276 698 XIV.
290 672 347 698 kal.

203 714 278 741 XIII.
291 714 346 740 kal.

215 757 276 783 XII.
289 757 346 784 kal.

228 800 275 826 XI.
289 801 345 827 kal.

247 843 281 870 X.
293 843 349 870 kal.

228 886 275 912 IX.
288 886 345 912 kal.

199 929 273 956 VIII.
287 929 344 955 kal.

218 972 278 998 VII.
290 972 348 999 kal.

227 1015 273 1041 VI.
286 1015 342 1041 kal.

242 1100 274 1127 V.
288 1100 345 1127 kal.

232 1187 278 1213 IV.
291 1187 347 1213 kal.

242 1231 276 1256 II.
290 1230 346 1256 karl.

288 1391 344 1417 kal.

231 1435 278 1461 IV.
293 1443 354 1461 non.

231 1521 242 1546 Ι
246 1520 279 1546 11.
293 1528 356 1546 non.

242 1563 276 1589 II.
291 1571 353 1590 non.

286 1700 349 1718 11011.

196 1735 271 1761 VIII.
287 1734 324 1761 id.

213 1777 273 1804 VII.
287 1777 324 1804 id.

227 1820 273 1847 VI.
288 1820 324 1846 id.

241 1863 273 1889 V.
287 1863 324 1889 id.

227 1906 273 1932 IV.
287 1905 325 1933 id.

223 1950 273 1976 III.
286 1949 323 1976 id.

240 1993 273 2020 II.
287 1993 323 2019 id.

285 2035 322 2062 id.

197 2078 270 2104 XVI.
284 2078 340 2104 kal.

212 2121 270 2147 XV.
284 2121 340 2147 kal.

198 2163 272 2190 XIV.
285 2163 342 2190 kal.

194 2249 268 2275 XIII.
282 2249 339 2275 kal.

208 2334 268 2360 XII.
281 2334 337 2361 kal.

220 2377 267 2404 XI.
281 2378 336 2404 kal.

236 2463 268 2489 X.
282 2463 340 2489 kal.

222 2506 267 2532 IX.
281 2506 337 2532 kal.

194 2548 269 2574 VIII.
283 2548 340 2574 kal.

208 2590 268 2617 VH.
281 2590 337 2617 kal.

220 2632 267 2659 VI.
280 2633 336 2662 kal.

410 242 435 269 9.

397 285 436 311 10.

399 328 439 354 11.

396 413 437 440 12.

394 456 433 483 13.

393 499 433 526 16.

392 587 435 612 17.

392 628 433 655 18.

393 672 433 698 19.

391 714 433 740 20.

392 757 434 783 21.

389 800 432 826 22.

394 843 435 869 23.

389 886 431 912 24.

390 929 432 955 25.

392 972 434 998 26.

388 1015 429 1041 27.

389 1101 431 1127 28.

393 1186 434 1212 29.

390 1230 432 1256 31.

409 1392 431 1417 Γ*

408 1520 434 1589 {⁸³90

403 1691 429 1889 wmflmw

390 1907 428 1933 10.

387 1949 426 1975 11.

388 1993 428 2019 12.

386 2036 426 2062 13.

387 2079 427 2105 14.

386 2122 426 2147 15.

389 2164 428 2191 16.

387 2250 427 2277 17.

385 2335 423 2361 18.

385 2378 424 2404 19.

384 2463 425 2489 20.

383 2506 413 2531 21

384 2526 426 2575 22..

382 2591 423 2617 23.

382 2634 422 2659 24.

685 147 948 176 NECROLOGIUM
967 149 1332 181 MALLERSDORFENSE.
1769 156 1828 185 261

489 241 603 268 Iuditha
621 242 750 268 monialis
768 252 793 269 u.
814 252 856 277 cg.
884 243 959 270 Arbo
978 243 997 270 1.
1027 243 1182 270 Dietericus
1201 253 1279 278 ppos..
1298 245 1342 271 ob.

491 285 662 319 Gumpoldus
682 293 722 311 cv.
741 294 767 311 n.
787 294 829 319 cg.
858 286 1010 320 Reidgerus
1030 287 1132 313 Greilo.
1168 287 1303 313 Henricus
1322 287 1340 314 1.
1371 287 1476 322 Sophia.
1494 289 1530 315 la.
1550 289 1713 315 Lavaninna
1732 289 1774 316 ob.

493 327 627 354 Henricus
645 330 728 362 pater
746 330 774 355 et
792 328 864 354 filius
883 328 1016 355 Ernestus
1035 329 1150 356 comites
1169 330 1203 356 de
1222 329 1392 364 Kirchperg,
1417 331 1576 358 fundatores
1595 331 1676 358 huius
1696 332 1831 359 coenobii.

541 370 696 397 Dieterieus
715 371 775 404 pbr.
795 372 824 397 et
842 380 876 397 m.
891 380 923 397 ex
942 371 1051 398 nostris.
1079 371 1235 398 Dietericus
1255 372 1270 398 l.
1300 373 1425 399 Alheidis
1444 374 1479 400 la.
1508 374 1649 401 Conradus
1668 375 1728 408 pbr.
1747 376 1776 402 et
1795 384 1830 401 m.

490 413 625 440 Henricus
645 422 686 440 CV.
706 422 739 439 ex
758 414 866 441 nostris.
904 414 1081 448 Cuuegundis
1100 415 1228 441 monialis
1247 424 1273 441 n.
1292 424 1334 450 eg.

487 456 656 482 Wernherus
675 457 692 483 1.
721 457 862 483 Conradus
881 457 900 483 l.

488 499 655 525 Liukhardis
674 499 813 526 advocata
835 502 943 532 nostra,
967 509 1038 533 quae
1061 501 1151 527 inulta
1178 501 1293 534 praedia.
1316 501 1381 528 huic
1407 501 1467 528 loeo
1491 501 1576 528 dedit.
1613 501 1769 529 Gottvfridus
1794 512 1829 529 111.

540 542 622 568 huius
641 542 703 569 loci.
740 542 875 569 Henricus
894 551 935 569 ον.
954 552 979 569 n.
999 552 1041 578 cg.

488 585 602 611 Iuditha
620 585 656 611 la.
676 585 719 611 ob.
752 585 833 619 Hugo
852 585 912 619 pbr.
932 587 960 612 et
977 595 1012 612 m.
1031 595 1056 612 n.
1077 595 1118 620 cg.

486 628 632 661 Rudgerus
650 628 668 654 l.
699 628 864 655 Elisabetha
883 629 919 655 la.
950 629 1107 655 Hailweioh
1127 629 1160 656 de
1179 629 1330 656 Inkhoven.

487 670 621 697 Henricus
640 671 657 697 l.
676 671 710 697 de
730 671 890 705 Truppach.
909 671 957 705 qui
977 671 1103 705 predium
1123 672 1208 699 dedit.
1244 672 1443 706 Meginhardus
1463 673 1480 699 1.

486 713 652 739 Willebirch
671 722 706 738 m.
726 722 750 738 11.
771 722 813 747 cg.
844 713 967 740 Heilkha
986 714 1021 740 la.

487 756 655 783 Bertholdus
674 756 691 782 1.

485 799 635 826 Littwinus
655 807 695 826 cv.
715 808 741 825 11.
761 807 803 833 cg.
834 800 993 826 Hartwicus
1012 800 1142 827 similiter
1161 810 1201 827 cr.

490 842 648 869 Hartwicus
668 851 708 868 ον.
729 851 755 868 11.
776 851 817 876 cg.

484 885 565 919 Eppo
584 885 644 918 pbr.
663 886 692 910 et
710 894 745 910 m.
764 894 790 911 n.
811 894 852 918 og.
890 884 987 911 Alheit
1006 885 1041 910 la.

485 928 635 962 Engilpero
656 936 695 954 ev.
727 927 896 954 WVilhelmus
916 927 932 953 l.

488 971 647 997 Herrandus
666 970 726 1004 pbr.
746 980 772 996 n.
793 979 835 1005 eg.
865 970 1031 996 Bertholdus
1051 971 1110 1004 pbr.
1131 972 1159 997 et
1178 980 1212 996 m.
1244 970 1400 997 Fridericus
1420 979 1460 997 cr.

483 1014 648 1048 Rudolphus
668 1013 728 1047 pbr.
759 1013 901 1040 Conradus
920 1022 976 1047 eps.
996 1013 1206 1040 Ratisbonensis
1225 1014 1269 1040 ob.
1310 1013 1407 1048 Poppo
1427 1014 1488 1040 abb.
1510 1014 1649 1041 Inferioris
1668 1015 1771 1043 Althae
1785 1016 1829 1042 ob.

537 1056 648 1082 Ulricus
668 1056 732 1082 abb.
769 1055 924 1086 Udalricus,
945 1055 1120 1082 Eberhardus
1139 1057 1198 1090 pbr.
1219 1058 1247 1083 et
1266 1065 1301 1082 111.

484 1099 624 1126 Dietriens
651 1099 715 1125 abb.
740 1099 784 1125 ob.
825 1099 1006 1125 Mechthildis
1032 1108 1091 1125 eva.
1115 1108 1140 1125 n.
1165 1108 1220 1134 cg..
1249 1099 1307 1126 alia.
1334 1100 1464 1126 similiter
1489 1100 1611 1127 eiusdem
1638 1101 1756 1128 nominis
1785 1102 1828 1128 ob.

537 1142 673 1169 Iohannes
692 1142 756 1168 abb.

488 1185 636 1211 Udalrieus
655 1185 716 1219 pbr.
735 1186 763 1211 et
781 1194 817 1210 111.

486 1228 629 1255 Conradus
648 1237 683 1254 m.
702 1237 728 1254 n.
748 1236 789 1261 cg.
826 1227 948 1254 Isenrich
968 1228 986 1254 l.
1017 1228 1188 1261 sigehardus
1207 1228 1224 1254 1.

838 1325 1158 1362 ΕΕΒΗΠΑΗΠΗὶ

485 1389 621 1417 Henricus
640 1390 700 1424 pbr.
733 1390 878 1424 Rudgerus
897 1399 930 1416 m.
952 1399 977 1416 11.
997 1399 1039 1424 cg.
1071 1390 1214 1417 Conradus
1233 1393 1261 1417 et
1281 1400 1348 1418 uxor
1367 1391 1432 1423 eius,
1453 1401 1524 1425 quae
1545 1392 1654 1420 vineam
1673 1393 1757 1420 dedit.

487 1433 628 1468 Pilgrinus
648 1442 689 1459 cv.
708 1442 733 1459 n.
748 1442 790 1467 cg.
818 1432 923 1467 Sophia
936 1433 1066 1460 monialis
1079 1434 1105 1460 S.
1119 1434 1234 1461 Mariae.
1265 1434 1442 1469 Cuneguudis
1455 1435 1583 1462 monialis
1602 1445 1627 1462 11.
1647 1445 1689 1470 cg.
1718 1436 1828 1462 Ulrieus

534 1485 569 1502 m.
587 1485 612 1502 11.
633 1485 674 1510 cg.
707 1476 841 1503 Henricus
861 1478 889 1503 et
908 1476 1096 1510 Engilhardus
1116 1477 1146 1502 li.

488 1520 642 1553 Perngerus
660 1529 694 1546 m.
725 1519 860 1546 Henricus
879 1529 914 1545 m.
946 1520 1041 1546 Chuno
1062 1520 1078 1545 1.
1115 1520 1204 1546 Gisila
1223 1522 1251 1547 et
1271 1519 1417 1546 Mathildis
1436 1520 1535 1547 laicae.

486 1562 621 1589 Henricus
648 1563 702 1588 dux
728 1563 871 1589 Bavariae.
902 1562 1060 1589 Fridericus
1089 1563 1152 1590 abb.
1181 1572 1214 1590 ex
1241 1563 1383 1597 Superiori
1410 1564 1521 1590 Altach.
1564 1564 1687 1591 Heilkha
1713 1573 1771 1591 cra.
1800 1567 1828 1591 et

533 1605 672 1632 monialis.
703 1605 840 1632 Ratoldus
858 1606 885 1636 1.,
904 1605 953 1639 qui
972 1605 1116 1639 praediun]
1137 1606 1223 1633 dedit.
1256 1607 1387 1634 Albertus
1406 1607 1424 1632 l.
1455 1606 1612 1633 Meitfridus
1630 1607 1765 1634 scholaris
1785 1608 1828 1634 ob.

534 1648 660 1682 Rugerus
679 1648 712 1675 de
731 1648 947 1675 Stainchirohen
967 1649 984 1674 1.

482 1691 549 1717 Otto
569 1691 628 1724 pbr.
647 1693 676 1717 et
694 1700 729 1717 01.
749 1700 782 1718 ex
802 1691 903 1717 nostris
923 1692 966 1718 ob.
998 1691 1109 1725 Rapoto
1129 1692 1251 1718 Panholz
1271 1692 1288 1718 1.
1308 1692 1351 1718 ob.
1383 1692 1514 1719 Albertus
1534 1702 1575 1719 ον.
1594 1702 1619 1719 11.
1640 1702 1682 1728 cg.

481 1734 622 1760 Christiua,
642 1735 677 1761 la.
706 1734 773 1761 Otto
792 1735 851 1768 pbr.
871 1736 899 1761 et
918 1744 952 1761 m.
972 1734 1113 1761 Inferioris
1132 1735 1243 1761 Althae.

483 1777 637 1811 Luipoldus
656 1786 697 1803 ον.
717 1787 742 1803 n.
763 1786 804 1812 cg.
835 1777 931 1804 Tiemo
950 1777 968 1803 1.
1000 1777 1158 1804 Leonardus
1180 1778 1198 1804 1.

483 1819 550 1846 Otto
569 1820 600 1845 fr.
620 1829 645 1846 11.
666 1828 708 1854 cg.
742 1820 890 1847 Wernerus
909 1829 950 1846 CV.
969 1820 994 1846 S.
1015 1820 1135 1847 Nicolai.
1173 1820 1350 1855 Engilmarus
1369 1821 1387 1848 1.

483 1862 646 1889 Meehtildis
666 1863 701 1888 la.

483 1906 575 1932 Bruno
594 1906 658 1932 abb.
683 1906 854 1932 Wolframus
874 1906 892 1931 l.
924 1906 1015 1932 Aruca
1034 1906 1071 1932 la.

482 1950 543 1975 Ava
562 1949 598 1975 la.
630 1949 715 1975 Alrun
735 1949 754 1975 l.
784 1948 926 1975 Conradus
944 1949 962 1974 1.
994 1948 1109 1974 Carolus
1128 1948 1145 1974 1.
1179 1949 1303 1983 Rugerus
1322 1949 1485 1983 Spritaeher
1504 1949 1521 1975 l.
1541 1950 1584 1976 ob.

481 1992 640 2019 Hartwieus
660 2002 695 2019 111.
714 2002 739 2018 11.
760 2001 801 2026 eg.
835 1992 974 2018 Rubertus
993 1992 1010 2018 l.
1043 1991 1200 2019 Gottfridus
1219 1992 1237 2018 1.
1265 1992 1449 2019 Berehtoldus
1469 1993 1486 2018 1.
1507 1992 1549 2019 ob.

481 2036 612 2062 Albertus
631 2035 648 2061 1.

483 2077 640 2104 Gottfridus
659 2087 700 2106 cv,
722 2087 746 2104 n.
767 2087 808 2112 cg.
840 2078 934 2111 Agnes
953 2077 989 2104 la.
1009 2077 1052 2104 ob.
1085 2077 1219 2104 Henricus
1239 2078 1256 2104 l.
1289 2078 1445 2105 Gottfridus
1464 2088 1506 2106 cv,

481 2121 652 2154 Hilprandus
672 2131 706 2147 m.
725 2131 750 2147 11.
770 2130 813 2155 cg.
844 2121 988 2147 Rieholfus
1008 2130 1042 2147 m.
1062 2130 1095 2147 ex
1114 2121 1224 2148 nostris.
1255 2122 1351 2148 Altum
1370 2122 1406 2148 la.
1438 2122 1618 2156 Hilipraudus
1638 2122 1697 2156 pbr.
1718 2125 1745 2149 et
1764 2131 1799 2148 111.

483 2163 623 2190 Diem-icus
656 2164 720 2190 abb.
744 2163 772 2190 111
798 2164 1026 2191 Niedernaltach.
1077 2164 1185 2191 Ulricus
1214 2165 1273 2199 pbr.
1299 2167 1327 2192 et
1352 2175 1387 2192 m.
1413 2174 1445 2192 ex
1470 2165 1579 2193 nostris.
1624 2165 1781 2192 Fridericus
1805 2166 1823 2192 1.

532 2207 677 2233 Florianus
696 2207 724 2237 1.,
743 2207 790 2240 qui
811 2207 890 2234 nobis
910 2208 999 2234 multa
1018 2207 1146 2234 contulit.

482 2249 615 2276 Albertus
634 2250 698 2276 abb.
718 2249 742 2276 S.
762 2249 908 2277 Emerami.
937 2250 1108 2276 Wolframus
1127 2251 1190 2277 abb.
1216 2251 1243 2277 111
1263 2251 1403 2285 Superiori
1423 2251 1535 2278 Altaoh.
1572 2251 1743 2278 Gotthardus
1763 2251 1823 2286 pbr.

531 2294 558 2318 et
578 2301 612 2318 01.
633 2292 661 2318 111
681 2292 806 2319 Inferiori
825 2293 936 2319 Altach.
973 2293 1150 2327 Cunegundis
1170 2293 1361 2328 Spritacherin
1381 2295 1416 2321 la.
1436 2294 1479 2321 ob.

480 2335 522 2361 Ita
541 2335 577 2361 la.
608 2335 795 2370 KVolfgangus
814 2336 874 2370 pbr.
894 2338 922 2363 et
940 2345 975 2362 111.

479 2377 588 2404 Ulrieus
607 2387 648 2404 cv,
668 2381 696 2405 et
714 2388 749 2404 m.
768 2388 794 2404 n.
815 2387 857 2413 cg.
890 2379 1072 2405 Aschewinus
1091 2379 1117 2411 1.,
1141 2379 1189 2413 qui
1214 2379 1359 2413 praedium
1382 2380 1467 2406 dedit.
1503 2379 1654 2414 Enzewipp
1675 2388 1716 2407 cv,
1749 2379 1821 2407 Hen-

529 2420 602 2447 ricus
621 2430 663 2447 ον.
682 2430 715 2447 ex
734 2421 844 2448 nostris.
881 2422 1055 2448 Hermannus
1074 2422 1092 2448 1.
1112 2424 1140 2448 et,
1159 2422 1337 2456 Cunegundis
1356 2422 1391 2448 la.

480 2463 656 2497 Cunegundis
676 2464 711 2490 la.
731 2464 775 2490 ob.
803 2464 926 2491 Heilkha
945 2465 991 2494 la..
1011 2473 1082 2498 quae
1102 2464 1247 2498 praedium
1267 2465 1353 2491 dedit.
1390 2464 1530 2491 Conradus
1550 2465 1567 2490 1.
1587 2464 1631 2491 ob.

478 2505 681 2532 Perchtholdus
700 2507 791 2533 (lictus
812 2507 908 2533 Lavan
927 2507 944 2533 l.
965 2507 1009 2533 ob.
1041 2506 1181 2533 conradus
1200 2507 1218 2533 l.

481 2548 622 2575 conradus
641 2549 700 2583 pbr.
720 2550 763 2576 ob.
791 2550 931 2576 Erhardus
951 2559 992 2576 cv.
1024 2549 1167 2582 Henricus,
1188 2550 1325 2576 111-11011105
1344 2552 1372 2577 et
1391 2551 1572 2584 Margaretha
1591 2550 1620 2577 li.

477 2591 634 2618 Hartwicus
654 2602 694 2619 ον.
714 2602 739 2619 11.
759 2602 801 2627 cg.
833 2593 942 2619 Ulricus
963 2593 1022 2626 pbr.

476 2634 572 2661 Siboto
592 2635 650 2668 pbr.
672 2637 700 2662 et
719 2644 753 2661 111.
782 2635 945 2662 XValtherus
968 2635 1031 2661 cler.
1062 2635 1235 2669 Weulfmgus
1255 2635 1279 2665 1.,
1300 2635 1347 2668 qui
1368 2635 1477 2662 vineam
1497 2635 1581 2662 dedit.
1613 2636 1782 2662 Wolframus
1803 2636 1820 2662 l.

531 2677 686 2704 Primoldus
694 2681 716 2710 ει)
737 2679 798 2712 pbr.
818 2680 846 2705 et
865 2688 900 2704 111.
938 2678 1092 2711 Sigebodus
1112 2678 1171 2711 pbr.
1191 2680 1219 2704 et
1238 2687 1273 2704 111.

271 2764 293 2796 ³)
315 2765 374 2797 Leq.
394 2766 550 2791 Grimoldus.
