2085 2999
401 159 524 185 NOTAE
543 158 821 185 NECROLOGICAE
840 159 1067 185 MONASTERII
1086 159 1295 186 INFERIORIS
1315 159 1609 187 RATISBONENSIS.
1768 163 1829 192 293

866 257 1133 293 DECEMBER.

234 320 280 347 IV.
294 329 355 347 uon.
409 321 434 348 2.
488 321 614 355 Liutpirc
633 331 668 348 111,
688 321 731 348 ob.

246 364 280 389 II.
294 372 356 390 non.
409 365 434 390 4.
487 364 629 398 Adalpurc
647 373 682 390 m.
702 365 746 391 ob.

203 406 278 432 VIII.
292 406 329 432 id.
409 407 432 433 6.
486 407 645 433 Hartwicus
664 416 720 441 eps.
740 408 783 434 ob.

234 448 279 475 VI.
294 448 330 474 id.
409 449 433 475 8.
487 449 582 475 Huozo
602 449 644 476 ob.
678 449 760 476 Libia
779 450 822 476 ob.

203 491 276 517 XVI.
289 491 345 518 kal.
391 492 433 518 17.
486 491 644 523 Heiliwieh,
664 494 778 524 Amona,
798 502 818 519 s.
833 493 972 520 Adalheid
993 493 1156 527 imperatrix
1175 493 1311 520 obierunt.

218 534 276 560 XV.
290 534 346 561 kal.
391 534 432 561 18.
488 535 651 570 Chunigunt
669 536 712 562 ob.

203 576 277 603 XIII.
290 577 345 602 kal.
390 577 432 604 20.
486 577 583 604 Ratila
602 587 636 604 111.
657 579 700 605 01).

244 620 277 647 X.
290 620 346 647 kal.
390 620 431 647 23.
485 621 590 648 Sabina
609 631 644 648 m.
664 622 707 648 ob.

228 663 274 688 IV.
288 662 343 689 kal.
388 663 429 689 29.
484 664 631 699 Engilgart
650 674 684 691 m.
704 665 747 691 ob.

332 924 1026 984 NECROLOGIUM
1078 926 1672 984 MONASTERII

411 1027 466 1085 S.
493 1027 815 1086 CRUCIS
859 1028 1591 1087 RATISBONENSIS.

276 1154 496 1199 Bibliotheca
519 1167 674 1199 Parisina
705 1169 845 1200 maxima
877 1178 962 1200 anno
992 1169 1077 1200 1903
1106 1169 1234 1201 codicem
1259 1169 1439 1210 liturgicum
1460 1170 1559 1201 medio
1581 1170 1702 1201 saeculo
1728 1170 1825 1202 XIV.

173 1224 209 1254 in
232 1232 322 1254 usum
345 1223 528 1254 monasterii
556 1233 697 1254 sororum
726 1224 848 1255 ordinis
873 1234 898 1255 s.
922 1223 1084 1256 Dominici
1106 1224 1345 1256 Ratisbonensis
1374 1226 1497 1257 saeculo
1521 1225 1626 1258 XIII.
1655 1226 1771 1257 conditi
1798 1229 1828 1258 et

173 1278 205 1310 S.
232 1278 326 1311 Cruci
355 1279 526 1310 consecrati
554 1289 574 1310 a
606 1279 769 1311 Christina
803 1280 955 1311 monacha
986 1280 1087 1319 ipsius
1121 1281 1257 1312 coenobii
1285 1281 1436 1320 scriptum
1466 1282 1658 1321 comparavit
1686 1283 1714 1313 et
1743 1282 1826 1313 inter

174 1334 268 1366 libros
290 1343 362 1366 suos
384 1344 481 1365 manu
504 1335 634 1374 scriptos
656 1335 713 1366 sub
735 1344 864 1366 numero
881 1336 943 1366 772
965 1336 1206 1375 acquisitionum
1221 1346 1373 1367 novarum
1395 1337 1539 1368 inseruit.
1577 1336 1691 1368 Prima
1713 1337 1826 1369 codicis

166 1399 249 1429 pars
271 1392 315 1421 est
336 1390 519 1421 monasterii
546 1390 753 1430 necroloyium
782 1390 939 1430 frequenti
967 1400 1028 1421 usu
1049 1391 1196 1422 detritum
1223 1394 1251 1423 et
1280 1392 1396 1423 multas
1418 1402 1551 1423 rasuras
1566 1402 1714 1432 passum,
1744 1394 1826 1432 quod

173 1448 277 1477 tamen
303 1455 368 1476 non
394 1446 465 1485 ipsa
495 1445 660 1477 Christina
682 1447 823 1486 scripsit,
852 1448 886 1476 ut
915 1447 1025 1477 testari
1050 1447 1173 1478 videtur
1200 1457 1310 1478 nomen
1337 1448 1404 1478 eius
1430 1457 1527 1478 manu
1553 1448 1656 1479 altera
1678 1448 1707 1479 ci
1724 1459 1825 1488 paene

172 1511 281 1532 coaeva
300 1501 471 1542 necroloyio
495 1501 647 1533 addition.
682 1501 843 1533 Friderici
857 1501 991 1540 episcopi
1007 1501 1248 1533 Ratisboncnsis
1270 1512 1380 1534 nomen
1404 1512 1489 1533 anno
1513 1504 1597 1533 1368
1619 1505 1735 1534 mortui
1757 1514 1825 1536 cum

166 1557 278 1596 prima
300 1566 398 1588 manu
420 1557 466 1587 ibi
488 1559 654 1588 eoearatum
677 1556 806 1597 legatur,
835 1567 898 1588 non
926 1558 999 1587 ante
1027 1568 1057 1589 a.
1082 1559 1166 1588 1370
1188 1558 1394 1598 nccroloyium
1424 1560 1544 1590 constat
1569 1559 1724 1598 inceptum
1751 1569 1824 1597 esse,

172 1612 254 1652 quod
286 1621 382 1652 usque
415 1612 458 1643 ad
489 1622 610 1644 annum
640 1614 725 1643 1742
742 1612 909 1652 permultis
939 1612 1085 1643 manibus
1111 1613 1326 1644 continuatum
1353 1615 1407 1644 est.
1451 1613 1621 1645 Praeterea
1648 1615 1683 1645 in
1701 1616 1823 1655 payina

173 1669 268 1700 totius
289 1668 401 1700 codicis
428 1668 543 1699 ultima
569 1670 597 1699 et
623 1669 694 1700 item
725 1669 760 1699 in
790 1668 884 1699 latere
914 1668 1061 1699 interiore
1091 1669 1255 1708 teyumcnti
1281 1669 1451 1700 anterioris
1473 1672 1563 1700 notas
1585 1670 1824 1702 anniversarias

169 1723 316 1755 manibus
350 1723 560 1762 compluribus
594 1723 716 1755 saeculo
745 1723 842 1755 XIV.
865 1726 893 1754 et
915 1722 990 1754 XV.
1025 1725 1159 1763 scriptas
1190 1724 1377 1756 invenimus.
1430 1725 1584 1756 Accurate
1615 1725 1744 1756 codicem
1775 1727 1824 1757 vir

169 1780 369 1811 clarissimus
395 1779 555 1810 Henricus
585 1778 695 1810 Omont
728 1779 893 1817 descripsit
923 1780 958 1809 in
984 1778 1275 1816 „Proces-verbauat
1308 1780 1344 1810 de
1379 1780 1411 1811 la
1444 1780 1553 1812 socie'te'
1583 1781 1743 1812 nationale
1771 1781 1824 1813 des

170 1835 369 1874 antiquaires
391 1834 428 1866 de
450 1835 595 1866 France“
620 1835 704 1865 1903
726 1834 909 1873 addiditque
932 1835 1083 1873 specimen
1107 1835 1280 1874 scripturae
1307 1835 1486 1867 Clu-istinac
1513 1838 1540 1867 ct
1563 1836 1729 1876 imayinem
1756 1838 1823 1868 eius

171 1891 211 1922 ab
236 1891 307 1931 ipsa
325 1890 455 1930 pictam.
499 1890 566 1921 Nos
588 1892 678 1921 notas
700 1900 797 1921 manu
814 1890 924 1930 prima
947 1890 1080 1928 scriptas
1104 1891 1204 1921 literis
1226 1891 1414 1928 minoribus,
1438 1891 1687 1923 continuationes
1708 1894 1825 1924 saeculi

172 1946 272 1979 XIV.
301 1948 329 1977 et
355 1946 473 1977 saeculi
502 1945 576 1977 XV.
613 1946 713 1976 literis
744 1945 917 1976 minoribus
950 1945 1040 1976 uncis
1074 1946 1205 1976 inclusis
1238 1946 1437 1986 insignimus.
1492 1947 1670 1977 Asteriscus
1705 1948 1823 1979 indicat

169 2001 308 2033 litteram
333 2000 359 2032 Ο
386 2002 421 2032 in
448 2001 555 2033 Obiit
582 2001 680 2033 colore
706 2001 801 2032 rubro
831 2010 894 2032 csse
916 2001 1080 2040 scriptam,
1108 2011 1172 2040 qua
1194 2001 1230 2032 de
1253 2012 1286 2032 rc
1317 2001 1501 2042 conferatur
1529 2002 1696 2043 necroloyii
1722 2003 1823 2043 ipsius

164 2057 338 2097 praefatio.

273 2176 338 2202 Man
358 2175 398 2202 sol
417 2174 528 2203 wizzen,
550 2184 598 2201 vor
617 2175 734 2201 welhem
754 2177 833 2202 toten
860 2175 907 2201 der
926 2175 1058 2208 anvangk
1077 2175 1241 2201 bezeichent
1265 2175 1301 2201 ist*
1320 2175 1371 2202 mit
1390 2176 1480 2201 01110111
1499 2177 1577 2202 roten
1597 2176 1771 2210 puehstaben
1791 2177 1820 2206 O.

171 2219 220 2245 der
239 2219 334 2245 selben
353 2219 502 2245 menschen
528 2218 621 2253 iartag
648 2218 689 2245 sol
712 2227 775 2244 man
802 2219 856 2245 alle
879 2218 924 2251 jar
942 2218 1088 2245 ewicleich
1107 2219 1195 2251 hegen
1218 2218 1270 2245 mit
1295 2219 1374 2253 vigili
1398 2219 1454 2245 und
1478 2219 1530 2246 mit
1548 2219 1687 2250 selmesse.
1713 2220 1737 2246 si
1759 2220 1821 2247 sind

169 2263 283 2288 swester
302 2261 367 2288 oder
386 2261 488 2288 bruder
506 2270 600 2288 uusers
619 2262 717 2288 ordens
736 2262 802 2288 oder
820 2270 884 2287 man
903 2262 969 2288 oder
987 2262 1106 2292 frawen,
1130 2261 1280 2295 gaistleich
1305 2262 1370 2288 oder
1390 2262 1559 2293 werltleich,
1587 2263 1750 2297 auzwendig
1772 2264 1820 2290 dez

169 2305 278 2336 ordens‚
302 2304 358 2330 und
378 2304 466 2330 welhe
484 2303 537 2330 mit
556 2306 693 2330 swartzen
712 2306 789 2336 var1)
807 2312 843 2330 an
863 2305 925 2331 dem
944 2313 1057 2338 anvang
1075 2304 1238 2331 bezeichent
1257 2304 1331 2336 sind,
1356 2305 1404 2331 der
1429 2306 1471 2331 sol
1495 2314 1560 2331 man
1585 2305 1640 2332 stst
1659 2306 1821 2339 gedenchen

168 2348 240 2374 nach
266 2356 360 2374 unsers
385 2348 483 2374 ordens
506 2347 676 2381 gewonhait.
713 2347 775 2374 Und
795 2356 850 2374 wer
874 2347 966 2374 ftrbaz
989 2356 1047 2374 11101·
1066 2348 1152 2374 ander
1170 2347 1264 2382 iartag
1282 2348 1364 2374 darzu
1388 2350 1496 2375 setzzen
1516 2349 1581 2374 oder
1600 2349 1746 2376 schreiben
1765 2350 1820 2377 wil.

169 2391 217 2417 der
235 2391 275 2417 sol
294 2390 317 2416 si
337 2391 410 2417 auch
429 2391 487 2417 also
506 2390 724 2417 underscheiden
743 2390 798 2416 und
817 2390 970 2417 schreiben.

857 2505 939 2540 IAN
942 2504 1134 2541 UARIUS.

283 2570 340 2596 kal.
405 2571 427 2596 1.
482 2570 560 2603 [0b.*
580 2578 631 2596 sor.
657 2569 769 2596 Osanna
788 2569 958 2596 Sternerinn.
1000 2570 1067 2596 Obf
1085 2579 1135 2596 sor.
1162 2570 1307 2597 Elisabeth
1332 2570 1461 2597 Lechinn.
1498 2571 1563 2597 Obf
1588 2580 1637 2598 sor.
1664 2571 1819 2598 Katherina

529 2613 831 2646 Mflnichsknechtinn]

227 2656 272 2682 IV.
286 2665 348 2682 nou.
402 2656 426 2682 2.
481 2655 558 2690 [Ob.²x
576 2665 627 2682 sor.
647 2655 775 2682 Elizabess
794 2655 962 2689 (ἵκωμι-11]

221 2699 269 2725 III.
285 2708 346 2725 non.
400 2699 423 2725 3.
479 2699 528 2725 Ob.
549 2708 600 2725 Sor.
621 2698 738 2733 Agnetis
758 2698 900 2725 Lbblinne.
938 2699 1016 2732 [01).ΤἼ
1036 2708 1086 2725 sor.
1108 2698 1212 2725 Cecilia
1231 2699 1427 2733 XVincklerin]

275 2786 294 2817 ¹)
314 2784 403 2811 Lectio
421 2787 489 2811 certa
508 2792 562 2810 non
581 2788 624 2811 est.
