2085 2999
241 250 274 277 V.
287 249 324 276 id.

229 336 276 362 IV.
290 335 327 362 id.

228 379 278 405 ΙΙΙ.
292 379 327 405 id.

241 464 274 490 11.
288 464 324 490 id.

173 592 273 619 XVIII.
286 550 343 618 iilaI.

200 678 276 704 VIII.
289 677 346 704 kal.

213 763 274 790 VII.
288 763 344 790 kal.

228 850 274 876 VI.
288 849 343 875 kal.

240 893 273 919 V.
287 892 342 918 kal.

224 936 271 962 IV.
285 936 341 961 kal.

226 1021 274 1047 III.
286 1020 341 1048 kal.

241 1107 274 1133 II.
288 1107 344 1133 kal.

289 1251 345 1278 kal.

229 1294 276 1320 VI.
289 1303 352 1321 nou.

244 1380 276 1407 V.
290 1389 353 1407 non.

230 1424 277 1450 IV.
290 1433 353 1450 non.

227 1509 275 1535 ΙΙΙ.
290 1518 353 1535 non.

242 1552 276 1578 II.
289 1560 352 1578 non.

287 1603 350 1621 non.

199 1638 276 1664 VIII.
290 1637 327 1664 id.

214 1681 276 1707 VII.
290 1680 326 1707 id.

229 1723 276 1749 VI.
290 1723 327 1750 id.

243 1766 274 1792 V.
290 1766 326 1793 id.

230 1852 276 1878 lv.
291 1852 327 1878 id.

228 1895 276 1921 III.
290 1895 327 1921 id.

243 1938 276 1964 II.
290 1938 326 1964 id.

186 2065 273 2091 XVII.
286 2023 342 2092 11ςέ1.

199 2108 272 2135 XVI.
286 2109 343 2135 kal.

216 2194 275 2220 XV.
288 2194 344 2220 kal.

202 2237 276 2263 XIV.
290 2237 346 2263 kal.

201 2279 276 2306 XIII.
290 2279 346 2305 kal.

215 2322 274 2348 XII.
288 2322 344 2348 kal.

227 2365 273 2390 XI.
286 2364 342 2391 kal.

245 2450 278 2476 X.
292 2449 347 2476 kal.

202 2492 276 2518 VIII.
290 2492 346 2518 kal.

216 2536 277 2562 VII.
291 2536 347 2562 kal.

229 2621 276 2648 VI.
290 2621 346 2648 kal.

245 2664 277 2690 V.
292 2664 348 2690 kal.

229 2706 275 2732 IV.
290 2707 347 2733 kal.

404 249 428 275 9.

390 335 431 362 10.

392 378 432 404 11.

390 463 429 490 12.

389 548 428 574 13.

390 591 429 617 14.

391 677 432 704 24.

389 763 430 790 25.

388 849 429 875 26.

388 892 430 918 27.

388 935 429 962 28.

386 1021 428 1048 29.

389 1106 430 1133 30.

406 1380 431 1449 &³9³

403 1510 431 1622 5¹9³?ss

391 1723 403 1749 1

391 1767 404 1792 1

392 1852 431 1879 12.

391 1895 431 1921 13.

391 1938 429 1964 14.

390 2023 431 2049 15.

389 2066 429 2092 16.

390 2109 430 2136 17.

391 2195 430 2220 18.

392 2237 432 2263 19.

391 2280 432 2305 20.

389 2322 430 2349 21.

388 2365 429 2391 22.

392 2449 434 2476 23.

392 2493 433 2518 25.

393 2536 434 2562 26.

392 2622 432 2648 27.

393 2665 434 2691 23.

391 2707 433 2733 29.

405 1637 431 1793 &95090

676 152 941 180 NECROLOGIUM
959 151 1325 178 MALLERSDORFENSE.
1763 153 1824 183 263

482 246 633 282 Iringardis
659 246 788 273 monialis
817 256 842 272 n.
867 255 910 280 cg.
946 244 1098 272 Benedicta
1120 244 1155 270 la.
1180 245 1223 272 ob.
1260 244 1407 270 Udalricus
1433 244 1489 270 dee.
1517 243 1542 270 S.
1566 243 1696 270 Iohannis
1722 243 1765 270 ob.
1791 251 1825 270 ex

533 289 694 324 Mistlpaoh.

485 333 617 359 Ernestus
636 334 665 359 ei:
683 331 819 358 Henricus
838 331 867 358 li.
904 330 1065 358 Meehtildis
1085 330 1120 356 la.
1140 330 1184 356 ob.
1204 329 1237 356 de
1257 329 1430 356 pattendorf.
1467 330 1602 356 Hem-icus
1623 330 1640 356 1.
1660 330 1703 356 ob.

484 375 640 402 Fridericus
659 375 820 401 advocatus.
852 374 933 409 Hugo
953 382 1032 408 ppos.
1051 373 1079 399 in
1098 373 1181 400 Rohr.
1212 372 1344 399 Albertus
1364 372 1380 398 1.
1401 373 1434 398 de
1453 372 1592 407 Shsirling.
1624 372 1776 407 Iringardis
1790 373 1825 398 la.

531 418 700 444 Benedictus
719 417 785 443 abb.
805 417 844 442 12.
864 416 946 442 huius
965 416 1027 443 loci.

482 463 657 489 Hermannus
676 460 693 487 1.
713 460 746 487 de
766 460 892 486 Neufarn
911 459 954 486 ob.
990 458 1113 486 Heilkha
1132 458 1167 484 la.
1199 457 1313 484 Iuditha
1332 457 1368 484 la.
1389 458 1422 484 de
1443 457 1655 484 Amschwankh
1674 458 1717 484 ob.
1746 457 1824 485 Lieb-

532 504 635 530 hardus
654 503 715 537 pbr.
734 505 763 529 et
781 512 816 528 m.
836 511 869 529 ex
887 502 997 528 nostris.

481 547 635 574 Bemoldus
654 555 695 573 ev.
714 554 748 572 ex
767 545 876 571 nostris
912 544 1108 579 Erkheugerus
1127 544 1146 570 1.

484 589 647 617 Gebhardus
666 590 695 616 eb
713 588 823 614 Ulricus
836 587 895 622 pbi.
914 589 943 614 et
961 587 1006 613 mi.
1026 589 1055 614 et
1073 586 1190 613 Sifridus
1209 596 1243 612 m.
1262 595 1287 613 u.
1308 595 1349 621 cg.
1381 586 1546 613 Guilielmus
1565 586 1625 620 pbr.
1645 588 1673 613 et
1691 594 1727 612 m.
1755 586 1826 613 Heu-

532 633 605 659 ricus
625 632 685 667 pbr.
705 633 734 658 et
752 641 787 658 m.
807 640 840 658 ex
859 631 969 658 nostris.

486 675 620 703 Hem-icus
639 674 702 701 abb.
722 674 804 700 huius
823 674 885 701 Ioci.
913 673 1110 700 Gottschalcus
1129 681 1170 699 cv.
1190 680 1224 699 ex
1242 672 1351 698 nost-ris.
1379 672 1552 698 Walchunus
1570 672 1596 704 l.‚
1616 671 1664 705 qui
1683 671 1827 706 praedium

534 718 620 745 dedit.
651 717 778 744 Alheidis
796 717 933 744 monialis.
962 716 1129 743 Reinbertus
1148 715 1165 741 I.
1193 714 1328 741 Hemicus
1348 714 1408 748 pbr.
1427 717 1455 741 et
1475 724 1511 741 m.
1530 724 1563 741 ex
1581 714 1691 742 nostris.

486 760 684 788 Chalchhohus
703 769 772 787 com.
791 760 824 786 de
843 759 1000 793 Kirehperg
1019 759 1075 790 ob.‚
1101 758 1148 785 hic
1171 758 1249 784 dedit
1270 757 1351 784 nobis
1377 758 1477 784 silvam
1505 757 1609 785 dictam
1629 758 1826 785 Pueeherloch.

534 804 708 831 Ham-twinus
727 813 761 830 m.
781 805 810 830 et
829 803 884 829 Ozo
906 812 947 829 cv.
967 812 993 828 n.
1013 811 1056 836 cg.
1092 801 1232 828 Rubertus
1252 801 1269 826 l.
1306 800 1437 827 Albertus
1457 809 1497 827 ev.

483 847 629 875 Gezwinus
648 847 711 873 abb.
731 846 759 872 111
778 846 868 873 Pruel.
902 845 1059 872 Hartwicus
1078 845 1138 878 pbr.
1175 844 1301 878 Rugerus
1321 843 1380 877 pbr.
1400 845 1428 870 et
1447 853 1482 870 111.

484 891 624 918 Com-adas
643 890 745 916 Auwer
762 889 825 916 abb.

484 934 673 960 Erkenbertus
693 933 766 959 abb?
791 931 925 958 Henrieus
944 931 1014 957 diac.
1034 931 1062 956 in
1082 930 1165 957 Rohr.
1202 929 1311 956 Heih-at
1330 938 1356 955 11.
1376 938 1418 963 cg.
1449 929 1562 956 Iuditha
1581 931 1609 956 et
1629 928 1755 955 Alheidis
1773 929 1826 955 lae.

533 976 694 1003 Mecthssdis
714 976 813 1002 Ia..ob.
844 975 955 1001 Ulricus
975 976 1003 1001 et
1022 973 1178 1001 Dietericus
1198 973 1258 1007 pbr.
1278 974 1307 999 et
1326 972 1372 998 mi.
1403 973 1559 999 Bel-nardus
1578 972 1596 998 1.

482 1020 658 1047 Christianus
677 1019 736 1045 dec.
766 1018 841 1044 Arbo
855 1020 883 1045 et
896 1017 1065 1044 Wernherus
1084 1017 1114 1043 11.
1144 1016 1281 1043 Henrieus
1300 1015 1334 1042 de
1353 1015 1508 1041 Alkhoveu.
1536 1015 1670 1042 Hem-icus
1689 1014 1706 1040 1.
1737 1013 1826 1040 Gisila

533 1063 551 1090 1.
571 1063 614 1089 ob.

484 1106 601 1136 Ulricus,
622 1105 711 1139 Hugo,
731 1104 914 1138 Engelbertus
934 1106 962 1130 et
981 1103 1104 1130 Petrissa
1124 1103 1152 1129 li.
1189 1102 1328 1136 Rupertus
1348 1102 1408 1136 pbr.

920 1184 1081 1220 MAIUS.

487 1250 626 1277 Conradus
645 1259 680 1276 m.
712 1249 857 1276 Ottmarus
875 1249 892 1275 1.
923 1249 1085 1276 Mechtildis
1104 1249 1233 1276 monialis
1253 1257 1278 1274 n.
1300 1256 1341 1282 cg.
1374 1247 1499 1273 Alheidis
1518 1248 1546 1274 et
1566 1246 1653 1272 Imma
1671 1245 1724 1273 lae.

485 1293 616 1319 Ernestus
639 1292 702 1319 abb.
729 1293 756 1318 111
781 1292 939 1327 Priiveuing
963 1301 997 1319 ex
1022 1294 1116 1319 nostra
1141 1291 1366 1326 congregatione.
1408 1290 1542 1316 Hem-icus
1569 1289 1586 1316 l.
1611 1289 1644 1316 de
1669 1288 1826 1323 Traupacb,

535 1335 584 1369 qui
603 1335 702 1361 silvam
721 1335 806 1361 dedit.
844 1334 1005 1362 Meehtildis
1025 1343 1076 1361 sor.
1096 1344 1121 1360 n.
1141 1343 1183 1368 eg.

487 1380 550 1405 Iuta
568 1379 698 1405 monialis
717 1388 742 1405 n.
763 1388 804 1413 cg.
837 1379 931 1409 Imma,
952 1378 1030 1412 Gepa
1049 1380 1077 1405 et
1097 1378 1239 1405 Diernudis
1259 1377 1311 1404 lae.
1343 1376 1510 1404 Pertholdus
1529 1376 1546 1402 1.
1567 1375 1610 1402 01).

486 1422 627 1449 Conradus
655 1422 715 1456 pbr.
740 1424 768 1448 et
791 1430 885 1448 m.-ex
910 1421 1019 1448 nostris.
1058 1421 1202 1455 Rudgerus
1226 1430 1260 1446 111.
1285 1429 1310 1446 11.
1337 1429 1380 1454 cg.
1417 1419 1560 1446 Germ-udis
1584 1427 1644 1445 eva.
1685 1417 1828 1444 Conradus

535 1465 595 1499 pbr.
616 1465 660 1491 ob.

485 1508 675 1534 Wernhardus
695 1516 763 1541 puer
782 1516 807 1533 11.
827 1516 869 1541 eg.
900 1507 997 1534 Altum
1016 1508 1044 1533 et
1064 1506 1172 1532 Ulricus
1191 1506 1220 1531 Ii.

484 1551 650 1577 Altmannus
669 1559 709 1576 cxi.
729 1560 755 1577 n.
776 1559 817 1584 cg.
850 1550 936 1576 Imma
956 1558 1015 1576 cva.
1047 1550 1159 1576 Iuditha
1178 1549 1213 1575 la.
1233 1549 1276 1576 ob.

483 1594 659 1621 Hei-mannus
680 1594 740 1627 pbr.
759 1596 788 1620 et
806 1603 841 1619 m.
861 1602 894 1620 ex
913 1593 1014 1620 nostris
1033 1593 1076 1619 ob.

484 1637 598 1663 Emicho
619 1639 646 1663 et
665 1637 745 1663 Hilta
764 1637 792 1663 li.
823 1636 928 1671 Sophia
946 1637 982 1663 Ia.
1002 1636 1046 1663 ob.

483 1680 614 1706 Ernestus
634 1689 674 1706 cv.
694 1689 719 1706 11.
739 1688 781 1714 cg.

485 1722 594 1749 Uli-icus
613 1722 715 1749 Schurf
730 1723 756 1752 1.,
776 1722 824 1756 qui
842 1722 987 1756 praedium
1007 1722 1092 1749 dedit.

487 1765 624 1792 Hem-icus
643 1774 699 1800 epS.
732 1765 908 1792 Eberhardus
928 1766 992 1792 abb.
1023 1765 1133 1792 Uli-icus
1153 1764 1350 1792 vicedominus.
1378 1764 1446 1790 Ezzo
1466 1763 1492 1795 1,,
1512 1762 1559 1796 qui
1579 1761 1724 1796 praedium
1743 1759 1828 1787 dedit·-

537 1808 670 1835 Gebolfus
689 1809 705 1834 1.
726 1809 769 1835 ob.

486 1851 627 1878 Christina
646 1852 681 1878 Ia.
714 1851 840 1886 Rugerus
859 1851 892 1877 de
912 1850 1058 1885 Weinting
1077 1850 1115 1876 Ia.
1135 1850 1178 1877 ob.
1210 1850 1331 1876 Michael
1351 1849 1413 1876 abb.
1434 1858 1467 1876 ex
1486 1847 1595 1875 nostris.

486 1894 584 1921 Petrus
604 1903 682 1928 ppos.
702 1894 731 1920 111
750 1894 860 1928 Piiring.
891 1894 996 1928 Sophia
1015 1894 1052 1920 la.

483 1937 640 1964 Hartwicus
656 1938 693 1964 ‘et
716 1937 898 1964 Perchtoldus
923 1937 980 1971 pbi.
1004 1939 1032 1963 et
1054 1946 1090 1963 m.
1114 1946 1140 1962 11.
1165 1945 1207 1971 cg.
1244 1936 1376 1963 Hem-icus
1402 1935 1461 1970 pbr.
1503 1933 1611 1960 Ulrieus
1635 1933 1704 1959 diac.
1725 1933 1753 1958 et
1772 1930 1828 1957 Sal-

533 1988 650 2006 mannus
670 1989 711 2006 CV.
731 1989 756 2006 n.
777 1988 818 2014 cg.
850 1979 1006 2006 Fridericus
1025 1979 1058 2006 de
1077 1979 1214 2005 Haidauw
1234 1979 1250 2005 1.

486 2023 612 2057 Rugerus
630 2023 647 2048 1.
667 2023 710 2049 01).
748 2023 931 2049 Perchtoldus
950 2023 1010 2056 pbr.
1030 2024 1058 2049 ct
1077 2032 1111 2048 m.

483 2066 651 2092 WVernherus
670 2065 796 2092 subdiac.
817 2074 849 2092 ex
868 2065 976 2092 nostris.
1008 2065 1099 2091 Pruno
1118 2065 1136 2091 1.
1169 2064 1347 2099 Cunegundis
1367 2072 1426 2090 eva.
1447 2063 1490 2090 ob.

483 2108 658 2135 Eberhardus
682 2117 723 2137 cv,
748 2109 782 2135 de
808 2108 944 2143 Siinzing,
975 2108 1023 2142 qui
1049 2108 1192 2142 praedium
1224 2108 1309 2134 dedit.
1351 2105 1494 2134 Diemfidis
1518 2105 1656 2132 monialis.
1694 2104 1829 2130 Iohannes

533 2151 718 2178 scholasticus
736 2153 765 2178 et
783 2151 907 2178 subdiac.

486 2194 602 2221 Ioannes
620 2195 684 2221 abb.
703 2195 842 2222 Inferioris
862 2195 974 2222 Althae.

486 2237 561 2263 Cuno
580 2245 636 2271 eps.
656 2237 790 2264 Henricus
812 2247 887 2271 puer.
917 2238 1049 2264 Ernestus
1072 2237 1225 2271 accolytus.

487 2279 669 2306 Berchtoldus
689 2280 812 2307 subdiac.
831 2289 857 2307 n.
878 2289 920 2314 cg.
951 2280 1134 2307 Berchboldus
1153 2280 1245 2306 dictus
1264 2279 1359 2306 Lavan
1379 2279 1395 2305 1.
1417 2279 1459 2305 01).
1492 2277 1645 2305 Rerum-dus
1665 2276 1726 2310 pbr.
1745 2278 1773 2302 et
1793 2284 1828 2301 111.

484 2322 659 2349 Eberhardus
678 2323 695 2349 l.
727 2323 874 2349 Ludwicus
893 2323 956 2350 abb.

484 2365 642 2391 Hartwicus
670 2366 734 2392 abb.
782 2366 935 2400 Sighardus
963 2366 1022 2400 pbr.
1050 2369 1078 2393 et
1105 2375 1138 2392 m.
1169 2375 1201 2392 ex
1228 2366 1336 2393 nostris.
1381 2364 1578 2392 Gottschaleus
1604 2363 1621 2389 1.
1674 2361 1828 2389 Dieterieus

537 2407 713 2441 Sprittaeher
732 2408 750 2434 1.
770 2409 813 2435 ob.
846 2415 855 2421 ’

488 2450 640 2484 Sighardus
660 2451 719 2484 pbr.
739 2454 768 2478 et
787 2461 821 2478 m.

486 2492 655 2519 Wernherus
675 2494 739 2520 abb.
770 2494 925 2520 Fridericus
945 2495 1008 2521 abb.
1040 2494 1180 2521 Conradus
1200 2495 1217 2520 1.
1237 2495 1281 2520 01).
1312 2493 1438 2520 AIheidis
1457 2493 1492 2519 la.

489 2536 599 2562 UIricus
618 2537 682 2563 abb.
704 2538 743 2563 10.
763 2537 846 2564 huius
865 2537 927 2564 loci.
956 2538 1114 2564 H‘z'trtwicus
1133 2538 1192 2571 pbr.
1212 2539 1240 2564 et
1259 2547 1294 2563 m.
1315 2540 1341 2564 et
1357 2536 1498 2564 christina
1518 2544 1577 2562 eva.
1596 2544 1621 2561 u.
1643 2543 1684 2569 cg.
1718 2533 1827 2560 Ulricus

538 2588 616 2613 ppos.
636 2579 853 2607 Ratisboneusis.
890 2580 1047 2607 Leonardus
1066 2581 1130 2607 abb.

487 2621 597 2649 UIricus
617 2622 633 2648 1.
665 2622 854 2649 Wernhardus
873 2623 933 2657 pbr.
953 2623 996 2649 ob.
1027 2623 1179 2657 Leugardis
1198 2623 1233 2649 la.

488 2665 610 2692 Heilkha
629 2666 664 2692 la.

487 2708 700 2742 Eugelbertus¹)
720 2717 776 2742 eps.
813 2708 969 2735 Gerhardus
989 2708 1053 2734 abb.
1073 2708 1227 2742 Superioris
1246 2709 1357 2735 Althae.
1387 2708 1549 2734 waltherus
1569 2716 1610 2733 ον.
1630 2716 1653 2732 u.
1676 2715 1717 2740 cg.

284 2777 303 2809 ¹)
324 2776 358 2802 L.
377 2775 538 2810 Egilbertus
557 2778 624 2810 (eps.
646 2777 869 2810 Babenbergyensis
887 2777 934 2803 hoc
951 2777 992 2803 die
1010 2786 1085 2803 anno
1104 2782 1164 2804 1146
1184 2782 1321 2810 momnis).
