2085 2999
221 110 285 140 290
442 106 566 134 NOTAE
585 103 864 132 NECROLOGICAE
883 103 1110 131 MONASTERII
1130 104 1340 131 INFERIORIS
1359 103 1655 131 RATISBONENSIS.

904 219 986 255 IAN
988 219 1180 255 UARIUS.

336 286 392 313 kal.
455 287 478 312 1.
532 285 614 312 Abba
634 284 836 319 Chunigundis.
867 284 1005 312 Adalhart
1024 284 1084 319 pbr.
1103 285 1132 311 et
1151 293 1185 310 m.
1206 284 1248 310 ob.

277 330 324 356 1V.
338 338 401 356 non.
454 330 478 355 2.
533 328 633 355 Merito
656 328 725 355 diae.

274 373 322 398 III.
336 381 399 398 non.
453 373 477 398 3.
530 371 674 397 Erihiman
694 371 754 406 pbr.
774 372 818 398 ob.

261 415 323 440 VH.
337 414 375 441 id.
454 416 478 441 7.
531 414 622 441 Berua.
640 423 693 440 ma.
713 416 742 441 et
761 422 820 440 eva.
839 415 882 441 ob.

279 457 325 483 VI.
339 457 376 484 id.
456 458 480 484 8.
535 457 649 484 Othwin
668 466 736 484 com.
755 458 799 484 ob.

246 499 321 526 XIX.
335 500 392 526 kal.
438 501 479 527 14.
534 500 664 534 Cumpirc
682 509 737 526 ma.
768 499 932 535 Chum'gunt
951 508 1036 526 coma.
1056 500 1099 527 ob.

219 543 322 569 XVIII.
336 543 393 569 kal.
441 544 482 570 15.
536 543 626 569 Adala
644 552 698 569 ma.
716 543 760 570 ob.

232 586 319 612 XVII.
333 586 389 612 kal.
437 587 476 613 16.
532 586 670 620 Eiltigart.
688 586 770 612 abba.
789 586 975 613 Herrenstein.

260 629 319 654 XII.
333 629 390 656 kal.
436 630 478 655 21.
532 629 666 655 Wicburc
685 629 767 656 abba.
786 629 829 656 ob.

288 671 321 698 X.
335 672 391 698 kal.
438 672 479 698 23.
534 671 602 698 Otto
620 671 773 706 imperator
792 674 820 699 et
839 671 993 698 Fridericus
1013 680 1080 698 com.

277 714 323 740 IX.
337 715 394 741 kal.
441 715 482 741 24.
536 715 581 741 Ita
600 723 652 741 ma.
681 714 815 742 Friderun
833 715 916 742 abba.
935 715 978 742 ob.

247 757 321 784 VIII.
336 758 393 784 kal.
438 758 480 784 25.
534 757 647 784 Beatrix
666 758 710 784 ob.

289 800 322 827 V.
336 801 392 827 kal.
437 801 478 827 28.
531 800 646 828 Gerbirc
665 809 752 827 coma.
771 800 815 828 ob.

272 843 318 870 IV.
332 844 390 870 kal.
434 844 476 870 29.
529 843 671 871 Dietsuiut
689 852 742 870 ma.
762 844 805 871 ob.

288 887 322 913 II.
336 887 392 914 kal.
438 888 480 914 31.
532 887 649 914 Hemina
668 888 712 914 ob.

887 963 1206 1000 FEBRUARIUS.

334 1021 390 1047 kal.
454 1021 477 1046 1.
531 1019 686 1046 Friderieus
705 1021 768 1047 cler.
789 1020 832 1047 ob.

273 1063 321 1089 111.
335 1072 398 1090 non.
451 1063 476 1089 3.
530 1062 622 1089 Tuota
641 1063 685 1089 ob.

288 1107 322 1132 II.
335 1115 399 1132 non.
451 1106 476 1132 4.
530 1105 643 1132 Liubila
661 1114 716 1132 ma.
735 1106 778 1132 ob.

249 1150 323 1176 VIII.
337 1149 374 1175 id.
453 1149 477 1174 6.
531 1149 575 1175 Ita
594 1157 648 1175 ma.
667 1149 710 1175 ob.

275 1192 322 1218 VI.
337 1192 373 1218 id.
453 1192 477 1218 8.
532 1191 690 1218 Wisentina
709 1200 797 1226 parva
817 1191 859 1218 ob.

276 1235 322 1261 IV.
336 1235 372 1261 id.
436 1236 476 1262 10.
529 1234 651 1262 Rihkart
669 1243 722 1261 ma.
742 1235 784 1261 ob.

334 1278 370 1305 id.
435 1278 474 1304 13.
529 1278 615 1304 Aribo
635 1286 703 1304 com.
723 1278 766 1304 ob.

246 1320 320 1347 XVI.
334 1321 391 1348 kal.
438 1322 478 1348 14.
533 1320 651 1354 sigis-rit,
671 1321 758 1347 Willa
777 1329 828 1348 me.
848 1321 986 1348 obierunt.

247 1364 320 1390 XIV.
334 1364 390 1391 kal.
437 1364 476 1390 16.
531 1363 678 1390 Ordinatio
697 1364 813 1390 domnae
833 1363 938 1391 Eilicae
957 1363 1125 1391 abbatissae.
1162 1363 1299 1390 Purchart-
1318 1362 1469 1389 advocatus
1489 1363 1532 1389 ob.

289 1408 321 1433 X.
335 1407 392 1433 kal.
438 1407 480 1434 20.
533 1407 675 1433 Gebehart
693 1407 846 1434 Ravennae
865 1416 921 1441 eps.
940 1407 983 1433 ob.

289 1450 391 1476 V.ka1.
438 1451 479 1477 25.
533 1450 657 1476 Altasint
678 1458 763 1476 coma.
795 1450 888 1477 ano
908 1450 951 1476 ob.

272 1493 319 1520 IV.
333 1493 389 1519 kal.
435 1494 476 1520 26.
530 1493 672 1527 Hfltipure
691 1502 743 1520 nia.
763 1493 807 1520 ob.

933 1573 1160 1609 MARTIUS.

289 1638 322 1665 V.
337 1648 400 1665 non.
453 1639 478 1665 3.
533 1638 694 1673 Chunigunt
713 1638 876 1673 imperatrix
895 1639 939 1666 ob.

281 1681 328 1708 IV.
341 1691 403 1708 non.
455 1682 481 1708 4.
534 1682 578 1708 Ita
596 1691 649 1707 ma.
669 1682 711 1708 ob.

276 1724 324 1750 III.
338 1733 400 1750 non.
454 1725 478 1751 5.
532 1724 610 1758 Papo
630 1733 699 1751 eom.
728 1724 888 1759 Meginhart
906 1725 950 1751 ob.

337 1776 400 1793 non.
453 1768 478 1794 7.
533 1767 645 1793 Diemar
663 1776 732 1793 com.
752 1769 781 1794 et
800 1776 841 1793 cv.
878 1767 1003 1794 Hadavic
1023 1767 1105 1794 abba.
1124 1767 1167 1794 ob.

291 1809 323 1835 V.
338 1809 374 1836 id.
439 1811 479 1836 11.
534 1810 684 1843 Meginhilt
703 1810 746 1836 ob.

292 1853 325 1878 II.
340 1853 376 1880 id.
440 1853 479 1879 14.
534 1853 697 1887 Chunigunt
714 1861 767 1879 ma.
788 1853 830 1879 ob.

336 1896 372 1922 id.
436 1897 476 1923 15.
531 1897 621 1923 Adala
639 1905 692 1923 ma.
720 1897 812 1923 Albun
832 1896 875 1923 ob.

232 1939 319 1965 XVII.
335 1939 391 1966 kal.
439 1940 480 1965 16.
534 1939 698 1973 Heripertus
717 1940 852 1973 archieps.
872 1939 915 1966 ob.

249 1982 322 2008 XVI.
337 1982 394 2009 kal.
443 1983 482 2009 17.
537 1982 717 2009 Gebehardus
737 1991 793 2017 eps.
824 1983 994 2017 Adalpertus
1012 1982 1075 2010 abb.

249 2024 321 2051 XIV.
336 2025 392 2051 kal.
440 2025 480 2051 19.
533 2025 692 2052 Hartwicus
711 2034 780 2052 com.
799 2026 843 2052 ob.

249 2068 326 2094 XIII.
340 2069 396 2095 kal.
442 2069 484 2096 ⁶20.
537 2068 589 2100 S.³)
608 2069 773 2095 Hadalouch
793 2068 836 2095 ob.

265 2111 325 2137 XII.
340 2111 396 2137 kal.
443 2112 485 2138 21.
537 2111 715 2145 Wentilpurc
734 2120 787 2137 ma.
807 2111 850 2137 ob.

249 2154 324 2179 VIII.
338 2154 394 2180 kal.
439 2154 479 2180 25.
534 2153 623 2179 Willa
642 2162 694 2179 nia..
725 2153 822 2180 Tiemo
843 2163 910 2180 com.
929 2154 972 2180 ob.

278 2197 324 2223 VI.
338 2197 393 2223 kal.
439 2197 480 2223 27.
535 2196 715 2223 Gebehardus
735 2205 791 2230 eps.
811 2197 855 2223 ob.

948 2274 1150 2311 APRILIS.

337 2330 393 2356 kal.
459 2331 482 2356 1.
536 2330 618 2364 Hugo
637 2331 696 2364 pbr.
716 2331 760 2357 ob.

278 2373 324 2398 IV.
337 2382 400 2399 uon.
455 2374 477 2399 2.
532 2374 614 2400 Hitta
632 2382 684 2400 ma.
704 2374 747 2400 ob.

292 2416 325 2441 II.
339 2425 402 2442 non.
455 2417 479 2443 4.
533 2416 616 2443 Hitta
634 2425 687 2443 ma.
717 2416 890 2451 Reginoldus
910 2425 966 2451 epS.
994 2416 1171 2444 Eberhardus
1191 2425 1258 2444 com.
1278 2418 1321 2444 ob.

292 2459 325 2485 V.
339 2459 375 2485 id.
455 2459 480 2486 9.
535 2459 710 2486 purchardus
729 2460 792 2486 abb.
822 2460 963 2486 Adalheid
982 2460 1111 2487 monialis
1130 2460 1172 2486 ob.

279 2501 325 2528 IV.
340 2502 376 2528 id.
439 2502 478 2530 10.
533 2502 636 2528 Beatus
655 2502 789 2529 Geroldus
808 2503 875 2536 ob.¹)

326 2641 350 2670 a)
370 2640 404 2665 So
408 2650 459 2665 ror.

329 2691 348 2721 ¹)
371 2690 476 2716 Gerbert
495 2691 556 2717 huic
573 2694 649 2717 motae
667 2692 786 2718 addidit:
806 2692 857 2719 Hic
876 2693 964 2719 multo
978 2692 1117 2720 recentius
1136 2692 1294 2726 adscriptus
1314 2691 1424 2718 videtur
1442 2698 1499 2717 esse
1518 2688 1670 2716 monachus
1690 2687 1871 2715 Einsidlensis

223 2740 296 2759 anno
318 2732 368 2759 978
389 2733 542 2764 defunctus,
561 2733 609 2760 ubi
628 2734 731 2760 festum
750 2734 809 2761 eius
828 2735 872 2762 die
894 2735 932 2762 19.
947 2734 1051 2769 Aprilis
1071 2734 1235 2762 celebratur.
