2085 2999
293 175 401 201 LIBER
420 172 666 200 OBLATIONUM
685 172 730 198 ET
751 170 967 198 ASSIGNATIO
987 170 1234 196 ANNIVERsAR.
1254 169 1411 196 MONAST.
1431 168 1733 195 'rEGERNSEENsls
1784 172 1840 199 169

552 268 605 309 qui
629 278 686 308 pro
716 266 860 298 remedio
889 266 994 297 anime
1025 276 1080 296 sue
1112 264 1246 295 contulit
1274 264 1366 295 nobis
1390 264 1431 294 ad
1456 264 1627 304 oblegyam
1658 267 1667 294 1
1690 268 1711 293 {L
1728 263 1840 294 Mona-

551 319 707 358 censium,
741 328 798 359 pro
828 317 943 359 quibus
972 320 1079 358 empte
1109 319 1181 347 sunt
1209 316 1271 346 duo
1302 315 1415 356 predia
1445 315 1486 345 ad
1511 314 1662 345 Sanctum
1688 314 1840 345 Georium

550 374 583 402 et
605 370 709 401 Haew
727 394 733 400 .
753 395 758 400 .
777 368 796 411 .]

230 432 289 459 VII¹
304 432 342 458 id,
423 433 446 458 7,
494 422 664 465 [Kylianus
690 421 793 452 dictus
818 420 968 459 Schikch,
993 419 1075 450 filius
1091 419 1250 460 Rasponis
1275 418 1314 449 de
1332 418 1473 457 Austria,
1499 418 1551 458 qui
1569 417 1727 448 ordinavit
1750 417 1842 448 nobis

551 484 608 515 pro
640 472 784 504 remedio
814 472 919 502 anime
951 482 1006 502 sue
1039 474 1056 501 ἴ)
1074 476 1095 501 n«
1108 471 1370 509 VViennensium,
1401 473 1436 500 ut
1471 470 1721 500 anniversarium
1751 480 1842 499 suum

550 524 681 566 singulis
705 524 795 554 annis
818 526 994 564 peragatur
1017 523 1048 553 in
1072 521 1287 563 perpetuum.]

304 587 340 612 jd,
406 586 445 612 13,
490 577 580 608 Bone
605 576 760 606 memorie
787 566 995 606 Oalschalcus
1019 574 1091 605 abb.
1117 574 1210 604 huius
1232 573 1418 604 monasterii
1443 572 1505 611 ob.,
1530 582 1549 602 a
1565 572 1728 613 preposito
1752 571 1841 601 colli-

550 628 634 668 ride,
666 638 684 658 a
716 627 870 668 magistro
902 630 994 667 porte
1028 628 1063 656 12
1087 636 1188 666 panes
1219 629 1251 656 et
1282 627 1300 655 6
1324 625 1409 655 casei
1438 623 1664 665 pauperibus*
1718 622 1786 665 [Pie
1811 624 1843 653 in

550 679 676 710 Christo
716 679 870 709 memorie
909 678 1093 718 Perngerus
1133 677 1274 707 famosus
1309 676 1474 707 aurifaber
1508 675 1574 715 ob.,
1612 675 1663 705 hic
1698 674 1844 716 possedit

549 730 662 772 predia
686 730 717 760 in
740 729 875 760 Francia
900 733 932 760 et
956 730 987 759 in
1003 729 1155 769 Turinga,
1181 738 1242 769 que
1268 731 1395 758 sanctus
1419 727 1589 758 Hainricus
1613 727 1789 767 imperator
1812 727 1843 756 in

552 781 806 813 coneambiendo
824 781 949 822 recepit
965 780 1132 811 conferens
1151 780 1241 810 nobis
1258 779 1371 820 predia
1389 780 1418 809 in
1436 779 1577 818 Austria,
1602 778 1643 809 ad
1660 780 1700 809 60
1716 778 1843 819 regales

550 844 690 872 mansus,
717 837 748 864 et
772 833 876 863 forum
900 833 931 863 in
955 830 1171 873 Strenberch.]

190 895 289 922 XVIII,
306 895 361 922 kal,
410 895 448 921 14,
496 885 700 928 [Chfinradus
722 884 815 915 miles
840 883 982 915 Testudo
1008 884 1252 924 cognominatus
1277 883 1343 921 ob.,
1373 883 1426 923 qui
1451 882 1582 912 tradidit
1605 881 1697 912 nobis
1722 881 1842 912 curiam

551 938 582 967 in
614 936 847 976 Erhartingen,
879 939 914 965 ut
942 935 1034 965 nobis
1057 934 1152 965 hodie
1189 934 1229 965 de
1258 935 1327 975 ipsa
1358 934 1514 964 serviatur
1538 933 1705 967 habunde,
1741 943 1842 963 uxore

551 999 609 1019 sua
632 988 761 1018 domina
779 986 958 1026 Gerdruda,
985 996 1080 1027 quam
1099 985 1215 1017 eadem
1233 986 1320 1016 curia
1338 985 1516 1025 dotaverat,
1541 986 1593 1026 pie
1611 985 1842 1024 consentiente,

552 1044 584 1071 et
606 1039 732 1070 modius
756 1038 850 1080 siguli
874 1038 1070 1079 pauperibus
1095 1041 1247 1079 erogetur
1270 1048 1289 1068 a
1312 1038 1427 1068 maiori
1451 1035 1637 1078 preposito]

201 1101 357 1127 XVILkaI,
406 1101 445 1127 15,
492 1090 727 1133 [Ohunigundis
754 1100 835 1120 uxor
859 1090 1015 1130 Wulfingi
1045 1089 1086 1119 de
1126 1088 1296 1128 Osteninn,
1336 1088 1375 1119 de
1412 1099 1474 1129 qua
1508 1088 1665 1119 habemus
1696 1087 1843 1128 predium

550 1152 645 1182 situm
670 1161 765 1191 super
790 1137 856 1190 bd,
886 1154 921 1180 ut
945 1149 1180 1180 anniversarius
1209 1149 1276 1179 eius
1301 1152 1475 1189 peragatur
1498 1159 1570 1178 eum
1595 1148 1843 1178 elemosinarum

549 1203 735 1244 largicione,
760 1203 927 1233 missarum
953 1205 985 1232 et
1008 1201 1189 1241 vigiliarum
1213 1200 1436 1231 celebracione
1461 1201 1491 1230 in
1516 1198 1730 1241 perpetuum]

241 1264 287 1290 XI,
301 1264 357 1290 kal,
400 1264 442 1291 21.
488 1255 570 1296 [1111)
595 1255 722 1285 nomine
741 1254 869 1284 domini.
891 1254 997 1283 Amen
1014 1256 1074 1283 etc.
1099 1252 1332 1283 Preteritarum
1358 1263 1464 1283 rerum
1481 1255 1574 1292 gesta
1596 1252 1738 1292 priorum
1755 1261 1843 1281 com-

550 1306 782 1337 mendabilium
795 1306 935 1335 virorum
952 1305 1096 1345 inpressa
1113 1306 1185 1334 sunt
1202 1314 1220 1334 a
1237 1304 1345 1334 seculo
1363 1304 1517 1334 memorie
1536 1303 1662 1342 literali,
1681 1306 1715 1333 ut
1731 1303 1843 1343 legen-

550 1358 634 1388 tibus
652 1361 684 1388 et
708 1356 913 1387 audientibus
937 1355 1105 1396 proficiant
1128 1356 1160 1385 in
1185 1355 1381 1396 exemplum,
1406 1366 1479 1385 nam
1503 1355 1585 1385 sicut
1607 1355 1708 1395 iniqui
1732 1365 1843 1395 repro-

549 1409 701 1440 babiliter
726 1407 1008 1446 commendantur,
1033 1407 1077 1437 ita
1105 1407 1312 1437 honestorum
1343 1407 1507 1437 hominum
1533 1407 1631 1436 virtus
1661 1410 1693 1436 ct
1718 1407 1844 1447 equitas

550 1461 679 1501 indigne
705 1460 745 1490 ab
770 1460 916 1490 humanis
942 1459 1077 1499 eloquiis
1101 1459 1263 1489 reticetur.
1309 1458 1376 1488 Nos
1400 1458 1497 1498 igitur
1524 1457 1693 1488 reverendi
1724 1457 1844 1488 domini

548 1523 585 1543 ac
611 1512 708 1553 patris
732 1512 840 1548 nostri,
865 1510 1057 1541 venerabilis
1081 1509 1208 1540 abbatis
1232 1509 1376 1540 Hainrici
1406 1509 1481 1540 dicti
1506 1509 1546 1540 de
1570 1509 1663 1547 Rain,
1687 1509 1845 1539 beneficia

551 1563 764 1597 intendentes,
789 1573 850 1604 que
875 1566 1027 1603 operatus
1052 1566 1100 1592 est
1116 1566 1262 1602 tempore
1287 1562 1334 1592 sui
1359 1562 1532 1601 regiminis,
1557 1560 1696 1591 veridica
1715 1562 1843 1592 racione

551 1615 694 1653 subfulti,
720 1614 918 1655 explicamus
942 1613 1145 1654 presentibus
1170 1617 1202 1643 et
1226 1613 1339 1643 futuris
1360 1612 1544 1653 prolacionc
1569 1612 1705 1653 simplici
1729 1613 1759 1643 in
1784 1613 1843 1644 hec

550 1667 678 1707 scripta.
725 1665 762 1695 In
795 1664 928 1695 exordio
964 1675 1020 1695 sne
1054 1665 1197 1705 primeve
1233 1665 1328 1694 etatis
1361 1663 1447 1694 idem
1483 1663 1629 1694 dominus
1658 1668 1767 1695 noster
1802 1665 1843 1696 ab

550 1717 749 1748 infantilibus
780 1717 871 1747 annis
900 1716 1013 1747 doctus
1044 1720 1076 1747 et
1104 1715 1259 1746 educatus
1289 1718 1337 1746 est
1366 1726 1437 1745 cum
1463 1716 1526 1745 suis
1551 1717 1657 1746 coevis
1681 1717 1789 1757 pueris
1812 1717 1843 1747 in

549 1769 609 1799 hoc
634 1769 714 1799 loco.
762 1768 883 1806 Crevit,
908 1771 1011 1798 metas
1035 1768 1177 1808 puericie
1202 1767 1491 1807 ad‹1›lescencieque
1517 1768 1683 1807 transiens,
1706 1769 1844 1799 inmunis

550 1820 735 1851 enormibus
760 1820 962 1857 excessibus,
992 1820 1157 1849 coumunis
1188 1819 1273 1849 omni
1297 1818 1402 1848 studio
1428 1818 1611 1859 discipline,
1642 1819 1787 1860 placidus
1812 1823 1845 1850 et

551 1872 722 1902 conformis
746 1874 811 1901 tam
828 1871 989 1910 fratribus,
1015 1881 1111 1911 quam
1128 1871 1231 1901 eciam
1249 1869 1432 1900 domesticis
1457 1873 1489 1900 et
1506 1870 1637 1900 advenis
1661 1872 1693 1901 in
1709 1875 1843 1909 tantum,

548 1927 592 1958 ut,
609 1923 713 1954 adhuc
731 1923 788 1953 sub
802 1923 943 1963 regulari
960 1923 1082 1963 positus
1101 1921 1299 1957 obediencia,
1318 1922 1395 1951 nulli
1413 1921 1598 1952 ostenderet
1614 1932 1647 1952 sc
1660 1923 1841 1953 molestum.

549 1975 621 2005 Hoc
645 1974 870 2015 preambulum
894 1984 949 2004 sue
975 1974 1139 2014 dignitatis
1164 1974 1314 2011 retinens,
1339 1973 1469 2003 advenit
1490 1976 1626 2014 tempus,
1651 1985 1714 2015 quo
1733 1974 1845 2005 debuit

550 2026 683 2067 provehi
714 2026 755 2056 ad
779 2026 973 2056 sublimiora.
1021 2025 1242 2056 Veruntamen
1274 2026 1326 2065 pie
1355 2025 1590 2055 recordacionis
1614 2025 1733 2056 abbate
1757 2026 1843 2056 Mar-

550 2077 663 2118 quardi
686 2077 756 2118 (sic)
780 2078 865 2107 viam
889 2077 1036 2107 universe
1062 2077 1164 2107 earnis
1188 2077 1347 2117 ingresso,
1373 2087 1430 2116 per
1453 2076 1585 2107 modum
1609 2077 1751 2108 scrutinii
1775 2078 1844 2118 pari

551 2139 707 2160 consensu
732 2134 764 2160 et
787 2132 877 2169 voto,
901 2129 987 2159 nulla
1012 2139 1108 2159 causa
1132 2128 1183 2159 vel
1207 2128 1262 2158 lite
1287 2129 1493 2168 interposita,
1526 2129 1679 2159 canonice
1708 2129 1748 2159 ab
1773 2130 1843 2159 uni-

552 2181 651 2211 versis
681 2180 832 2211 fratribus
867 2184 915 2211 est
951 2180 1090 2219 electus,
1122 2190 1218 2221 quam
1250 2180 1351 2210 eciam
1384 2179 1596 2219 eleccionem,
1629 2180 1752 2211 scilicet
1787 2192 1846 2221 per

550 2232 684 2263 biduum
708 2232 807 2262 dilata
832 2231 954 2271 fuisset,
985 2243 1041 2273 pro
1067 2233 1114 2262 sui
1138 2232 1345 2272 promocionc
1370 2231 1494 2261 nobiles
1519 2234 1551 2261 et
1574 2232 1734 2272 principes
1759 2236 1843 2263 terre

551 2295 622 2315 cum
654 2285 739 2314 omni
770 2285 925 2314 instancia
961 2285 1159 2325 petivissent.
1217 2284 1332 2324 Itaque
1370 2294 1441 2313 cum
1478 2287 1551 2313 cetu
1587 2283 1775 2313 clericorum
1812 2287 1845 2314 et

550 2338 705 2368 laieorum
733 2337 887 2368 nobilium
916 2340 949 2367 et
972 2337 1161 2378 ignobilium
1191 2337 1293 2377 ymnis
1324 2340 1356 2366 ct
1380 2336 1528 2366 laudibus
1553 2336 1777 2368 intronizatus,
1810 2339 1844 2365 ut

551 2400 620 2419 mos
645 2392 702 2425 est,
727 2389 809 2419 infra
833 2389 976 2429 spacium
1002 2388 1137 2419 duorum
1153 2389 1321 2425 mensium,
1347 2388 1560 2428 prosperitate
1586 2387 1647 2417 sibi
1670 2387 1842 2426 arridente,

551 2441 813 2477 confirmacionis,
838 2441 1091 2471 consecracionis
1108 2441 1229 2480 pariter
1253 2443 1285 2470 et
1308 2439 1483 2479 imperialis
1501 2438 1685 2469 collaeionis
1701 2439 1843 2479 graciam

552 2497 600 2522 est
628 2492 835 2522 laudabiliter
863 2495 1037 2522 assecutus.
1089 2491 1238 2532 Denique
1270 2491 1480 2532 permissione
1511 2490 1617 2520 divina
1646 2490 1705 2520 hec
1737 2490 1844 2520 omnia

295 2587 315 2619 ¹)
336 2586 454 2618 Sequens
471 2589 536 2612 ‘nota
555 2594 638 2611 ηιιιητι
657 2586 753 2611 saeculi
768 2586 816 2611 XI
823 2586 850 2611 V.
872 2586 899 2610 in
915 2586 978 2617 folio
993 2589 1009 2611 8
1027 2585 1121 2611 codicis
1140 2586 1173 2617 A,
1192 2585 1263 2618 quod
1282 2585 1338 2611 dies
1358 2587 1472 2610 17.-23.
1488 2584 1558 2609 Maii
1570 2584 1693 2615 continet,
1712 2583 1843 2616 inscripta

189 2631 289 2661 spectat
307 2628 342 2654 ad
358 2629 518 2654 Heinricum
536 2628 566 2654 dc
585 2629 661 2655 Ram
680 2629 797 2654 abbatem
817 2629 837 2654 I
842 2628 879 2660 V„
900 2629 945 2660 qui
963 2631 1025 2654 teste
1043 2628 1165 2654 chronico
1186 2628 1370 2661 Teyernseensi
1388 2628 1457 2654 (Pes,
1477 2627 1590 2652 thesaur.
1611 2626 1729 2652 anecdot.
1743 2627 1799 2657 III,
1817 2629 1843 2655 3)

190 2671 231 2697 (lie
243 2675 281 2697 21.
294 2670 449 2697 Novembris
467 2671 537 2697 obiit.
566 2671 606 2697 Ibi
626 2674 713 2696 tamen
732 2671 809 2696 scribi
828 2679 883 2696 mm
891 2672 986 2704 potuit,
1007 2671 1071 2704 quia
1092 2672 1120 2695 in
1132 2672 1199 2703 folii,
1219 2671 1289 2703 quod
1302 2671 1357 2696 (lies
1372 2675 1439 2696 16.—-
1446 2673 1486 2696 23.
1501 2670 1565 2695 Nor.
1579 2670 1702 2702 continet,
1723 2670 1844 2703 ›naryine

189 2715 324 2747 exemplar
341 2714 487 2740 documenti
505 2715 631 2740 Heinrici
650 2714 752 2740 abbatis
766 2714 822 2740 III.
837 2718 900 2740 1270
918 2714 975 2739 dati
993 2714 1116 2739 additum
1136 2717 1179 2740 est.
1212 2714 1305 2746 Ipsum
1325 2714 1451 2739 Heinrici
1470 2721 1565 2738 nomen
1585 2713 1621 2737 ad
1639 2712 1708 2738 diem
1726 2716 1762 2738 21.
1777 2713 1842 2739 Nor.

191 2766 255 2782 num
273 2765 300 2783 re
314 2765 375 2783 rem
389 2758 546 2790 inscriptum
557 2758 645 2788 fuerit,
664 2757 746 2783 dicere
766 2765 821 2782 non
836 2765 985 2790 possumus,
1005 2757 1172 2782 membranae
1188 2760 1266 2789 parte
1284 2765 1322 2787 ea,
1344 2757 1371 2781 in.
1389 2765 1442 2788 qua
1460 2758 1539 2781 uotae
1553 2755 1728 2788 neeroloyieae
1741 2755 1843 2781 dierum

191 2804 302 2826 17.—:21.
317 2800 381 2825 Nor.
401 2801 518 2833 scriptae
538 2803 622 2832 crant,
640 2808 752 2832 prorsus
771 2800 865 2826 ercisc..

293 2853 372 2877 NECR.
387 2854 463 2877 ΒΗΚ.
478 2853 549 2877 Fms.
564 2854 627 2876 RAT.
1604 2850 1636 2875 22
