2085 2999
255 224 288 250 V.
303 223 340 250 id.

242 482 288 508 IV.
303 481 338 508 id.

243 525 290 551 III.
303 524 340 551 id.

255 612 289 638 11.
304 611 339 637 id.

300 654 337 680 id.

201 698 286 724 XVII.
300 697 356 723 kal.

215 826 288 852 XVI.
301 825 356 851 kal.

227 912 286 939 XV.
300 911 355 938 kal.

213 998 285 1024 XIV.
300 997 356 1024 kal.

211 1085 286 1111 XIII.
299 1083 355 1110 kal.

226 1127 286 1154 XII.
300 1126 356 1153 kal.

238 1170 284 1196 XI.
298 1169 354 1196 kal.

254 1213 287 1239 X.
300 1213 356 1241 kal.

237 1308 283 1335 IX.
298 1307 354 1334 kal.

210 1402 284 1429 VIII.
298 1402 354 1429 kal.

227 1455 286 1481 VII.
300 1454 356 1480 kal.

239 1507 285 1533 VI.
298 1506 353 1533 kal.

257 1558 290 1585 V.
302 1558 357 1585 kal.

243 1610 288 1637 IV.
301 1610 358 1636 kal.

241 1697 288 1723 III.
302 1697 358 1723 kal.

252 1792 285 1818 II.
299 1791 355 1818 kal.

303 2016 358 2042 kal.

245 2102 291 2128 IV.
305 2111 366 2128 non.

244 2285 293 2310 III.
306 2292 368 2310 non.

258 2335 291 2360 II.
305 2344 366 2361 nou.

405 223 443 249 11.

403 481 441 507 12.

403 525 443 550 13.

404 611 442 636 14.

400 653 439 679 15.

403 695 442 724 16.

404 825 443 851 17.

402 910 441 936 18.

402 997 441 1023 19.

399 1083 440 1109 20.

401 1127 443 1152 21.

399 1169 440 1195 22.

401 1212 443 1239 23.

400 1307 440 1333 24.

399 1402 440 1428 25.

401 1454 442 1480 26.

399 1506 439 1532 27.

402 1558 443 1585 28.

403 1611 443 1637 29.

402 1696 443 1722 30.

400 1792 440 1816 31.

420 2102 443 2128 ρο

708 127 973 154 NECROLOGIUM
993 127 1317 154 SCHEF'PLARIENSE.
1774 131 1832 160 129

488 222 612 256 Sigboto.
633 220 797 248 Chfinradus
816 222 833 249 l.
865 222 954 249 Maria
972 223 989 248 l.
1020 222 1184 248 Ludowicus
1204 221 1365 255 imperator,
1391 221 1473 248 huius
1497 222 1615 248 nominis
1635 224 1762 256 quartum
1790 223 1832 249 ob.

548 264 689 299 piissimus
708 267 736 291 et
754 265 873 292 multum
892 265 1007 291 humilis
1034 265 1061 291 in
1089 265 1216 292 omnibus
1235 265 1291 291 suis
1310 265 1433 299 agendi5‚
1462 265 1510 298 qui
1537 265 1609 292 hanc
1632 265 1778 292 ecclesiam
1805 265 1834 292 in

547 307 643 334 multis
656 308 840 342 prerogativis
853 308 958 335 ditavit
977 311 1004 335 et
1017 309 1178 343 specialiter
1197 309 1226 335 in
1245 308 1390 342 empcione
1404 308 1546 335 vinearum
1565 309 1600 335 ab
1615 309 1732 335 ecclesia
1745 309 1834 336 Nove-

547 351 661 377 cellensi
686 351 736 377 sub
764 351 896 385 regimine
923 350 1064 378 Chfinradi
1089 351 1177 385 pposi.
1198 351 1460 385 Saehsenh(auser),
1486 360 1554 385 quas
1583 352 1758 386 comparavit
1784 361 1834 386 pro

544 394 595 421 400
608 395 633 420 sb
650 394 666 427 ο)
685 394 899 427 Monacensium,
919 395 952 420 de
971 394 1071 428 quibus
1091 394 1179 421 vineis
1198 394 1271 421 idem
1286 395 1436 421 conventus
1450 394 1568 428 singulis
1587 394 1662 421 feriis
1676 395 1835 422 consolatur

547 437 574 462 in
593 437 700 463 duabus
720 437 813 463 situlis
834 437 899 468 vini,
919 438 992 471 quod
1012 440 1096 464 antea
1115 447 1168 464 non
1184 438 1279 464 fiebat.

488 479 630 506 thsridus
648 479 711 506 abb.
742 479 941 506 Wolframmus
961 490 1038 514 ppos..
1068 481 1135 507 Otto
1154 480 1401 515 Saehsenhmuser)
1422 480 1529 507 occisus
1548 481 1565 507 l.

488 522 635 549 Hainricus
654 523 714 556 pbr.
734 524 762 549 et
781 523 839 550 dec.
873 524 1040 550 Permannus
1066 524 1126 557 pbr.
1145 526 1173 550 et
1192 533 1227 550 m.
1258 524 1392 550 Geroldus
1412 533 1452 550 cv.
1472 533 1497 550 n.
1534 523 1702 550 Wernherus
1721 523 1833 555 Vinder,

547 566 722 597 Wernherus,
741 566 851 597 Albero,
871 566 1060 598 Gotschalcus,
1082 567 1253 600 Richpoldus
1272 567 1289 593 1.
1321 566 1495 598 Richkardis,
1516 566 1665 601 lrmgardis
1685 567 1701 592 l.

488 608 651 635 Chfinradus
670 617 727 642 eps,
755 609 907 643 Sighardus
926 610 985 643 pbr.
1018 609 1187 636 Wernherus
1206 610 1222 635 l.

484 651 644 686 Sighardus.
676 651 839 678 chunradus
858 652 876 678 Ι.
909 651 994 686 [Gfita
1013 652 1286 721 Preising'niterium&T

490 692 628 721 Walchfiu
647 694 770 720 subdiac.
790 704 814 721 n.
847 695 1031 726 Hennannus,
1060 695 1235 726 Chfinradus,
1288 695 1383 726 Irieus,
1408 695 1603 729 Dieprechtus,
1623 695 1797 722 Eberhardus
1817 696 1833 721 l.

545 737 685 768 Diml’idis,
704 737 886 769 Richkardis,
905 738 1079 768 Richkardis.
1100 739 1191 772 Agnes
1210 738 1228 765 l.
1260 738 1416 772 [Ludwieus
1434 738 1452 764 l.
1471 738 1612 773 magister.
1644 738 1753 765 Uli-icus
1774 739 1834 772 pbr.

546 790 571 806 n.
592 781 625 807 de
645 780 762 815 Lawiug
780 789 852 807 auno
871 781 975 807 domini
997 781 1082 814 1464]

488 824 656 850 Wemherus
676 832 732 858 eps.
770 823 932 850 chfinradus
955 824 1014 858 pbr.
1034 827 1062 851 et
1081 834 1115 851 m.
1150 824 1308 851 Herbordus
1327 833 1367 850 cv.
1387 833 1412 850 n.
1451 824 1567 859 Sigboto
1587 825 1603 850 l.
1636 825 1728 858 Agnes
1748 833 1834 851 coma.

549 866 715 893 Richkardis
734 867 752 893 l.
785 858 906 901 [filrieus
924 867 985 901 pbr.
1004 877 1031 893 11.
1051 867 1102 898 ob.¹
1122 867 1279 893 consolacio
1298 867 1331 893 de
1351 867 1459 893 decima
1477 867 1505 892 in
1526 867 1760 901 Nazzenhausen.]

488 909 651 936 Chi'mradus
678 919 756 944 pp03.
793 910 924 937 Albertus
952 919 992 937 cv.
1021 920 1047 936 11.
1085 910 1247 936 Chfinradus
1275 910 1292 936 l.
1330 910 1404 936 Arbo
1427 910 1444 936 l.
1482 910 1631 944 [Iohannes
1654 910 1718 937 abb.
1737 910 1834 937 Sancti

547 953 649 979 Montis
669 961 740 979 anno
762 954 872 987 (14)75.]

488 996 618 1022 Geboll'us
638 996 697 1030 pbr.
717 1005 743 1022 n.
775 996 955 1023 Heitvolchus
975 996 1034 1030 pbr.
1048 998 1077 1023 et
1090 1006 1124 1023 m.
1157 994 1328 1027 Chfinradus,
1350 994 1522 1027 Chfiuradus,
1542 996 1710 1023 VVernherus
1728 1006 1769 1023 cv.
1784 997 1834 1022 nri.

546 1038 745 1065 Maechthildis
765 1048 806 1065 cv.
826 1048 851 1065 n.
883 1039 1082 1066 Maechthildis
1102 1040 1118 1065 l.

486 1082 654 1108 Wernherus
673 1081 691 1108 l.
721 1081 876 1116 Gerwirgis.
898 1082 1061 1109 Adelhaidis
1080 1083 1097 1109 1.
1126 1082 1274 1109 Hainricus
1294 1082 1442 1116 Paesingaer
1460 1082 1520 1116 pbr.
1540 1091 1565 1109 n.
1586 1083 1628 1109 ob.

488 1125 593 1151 Hailka
611 1134 652 1151 ον.
671 1134 729 1151 nra.

487 1167 596 1194 Ulricus
616 1168 633 1195 l.
664 1167 813 1195 Gerdrudis
833 1177 874 1194 cv.
907 1168 1004 1202 Gysila
1023 1169 1040 1195 l.

488 1211 660 1237 Hermannus
676 1211 798 1237 subdiac.
818 1221 844 1237 n.
878 1212 1022 1245 Gerungus
1046 1220 1086 1238 cv.
1106 1221 1131 1238 n.
1167 1212 1269 1239 Albero
1289 1212 1306 1238 l.
1342 1210 1515 1246 [Chssnradus
1541 1212 1678 1246 archieps,
1703 1214 1731 1239 et
1756 1221 1832 1246 pere-

546 1253 685 1287 grinus.]¹)

486 1297 615 1329 (ὶίΒίῙῆ
631 1308 684 1329 OV—
721 1297 905 1338 Hacihast)
928 1308 977 1329 CV·
1013 1305 1146 1333 Richerus
1160 1306 1217 1333 dec.
1244 1306 1390 1333 Hainricus
1404 1307 1463 1340 pbr.
1476 1309 1504 1333 et
1517 1316 1551 1333 m.
1578 1306 1760 1333 Raembertus
1775 1307 1834 1341 pbr.

547 1349 621 1375 Gflta
640 1349 658 1376 l.

485 1393 717 1434 Mangoldus
740 1393 759 1424 l.
806 1401 941 1427 Rfidolfus
961 1410 1001 1428 cv.
1022 1402 1160 1428 Swikerus
1179 1411 1219 1429 cv.
1252 1403 1398 1429 Hainricus
1418 1403 1496 1429 miles
1515 1403 1791 1437 Saechsenhmuser).

487 1445 685 1476 Dietricus
708 1445 727 1476 l.
768 1444 866 1487 [Gfita
890 1444 920 1487 1,]

484 1497 713 1537 ΗᾶἱΠΓίΟῑΙΒ,
736 1497 849 1528 Anno
874 1497 892 1528 l·
939 1505 1086 1532 Hainricus
1106 1515 1183 1540 ppos.
1212 1497 1322 1533 lericus
1342 1507 1401 1540 pbr.
1421 1509 1450 1533 et
1468 1508 1527 1538 m.²)

490 1549 913 1591 Gothal1nus‚Adelo.
960 1557 1076 1592 Sigboto
1096 1558 1113 1585 l.

488 1602 719 1644 Liubpreht.
777 1601 1010 1632 Disstmarus.
1060 1609 1208 1635 Hainricus
1235 1619 1275 1635 cv.
1296 1619 1319 1635 n.
1354 1600 1471 1642 sllricus,
1492 1609 1634 1641 Isenricus,
1654 1609 1801 1635 Ham-icus
1820 1609 1836 1635 l.

548 1652 697 1687 Irmgardis
716 1653 732 1678 l.
764 1653 874 1686 [Petrus
895 1652 967 1686 pbr..
987 1652 1126 1685 quondam
1146 1653 1208 1678 abb.
1228 1652 1384 1678 Katherina.
1404 1652 1635 1683 Perchhauserin,
1661 1652 1837 1685 consolacio]

489 1696 615 1730 Rsigerus
634 1696 694 1729 pbr.
725 1695 812 1721 Adelo
832 1704 874 1721 cv.
893 1704 918 1721 n.
950 1695 1160 1729 [Maeehthildis
1178 1695 1308 1721 monialis
1327 1696 1382 1727 ob,
1409 1704 1484 1722 soror
1510 1695 1613 1722 domini
1634 1695 1779 1721 Wernheri
1805 1695 1838 1721 de

550 1739 695 1773 Ingolstat.
728 1738 866 1764 Fridricus
885 1738 1078 1765 Oberndorffer
1097 1738 1165 1764 civis
1184 1738 1294 1765 Monaci
1314 1739 1357 1765 Ob.
1378 1739 1461 1772 1444.]

488 1783 607 1814 Sifrit.
648 1782 798 1813 Gerolt.
846 1790 1004 1816 Manfredus
1024 1790 1105 1824 prior.
1137 1791 1265 1816 Geruneh
1288 1791 1347 1824 pbr.
1379 1790 1495 1824 Sigboto
1515 1790 1531 1816 l.
1563 1790 1738 1824 'I'amburgi3,
1758 1789 1837 1815 Adel-

549 1833 647 1865 haidis,
669 1833 801 1864 Alheidis,
821 1833 919 1866 Gysila
939 1833 956 1859 l.
988 1833 1133 1867 [Iohannes
1153 1833 1245 1859 dictus
1264 1833 1462 1864 Amelstarffer,
1482 1833 1510 1859 in
1531 1833 1695 1860 Osterhofen
1715 1833 1791 1866 abb]

876 1941 907 1975 N
910 1941 1148 1977 OVEMBER.

489 2007 655 2039 Karolus
680 2018 730 2038 ev.
769 2007 926 2048 Magens
951 2017 1001 2038 cv.
1041 2015 1139 2041 Petrus
1153 2014 1212 2048 pbr.
1227 2023 1253 2039 n.
1277 2013 1416 2040 Dietricus
1429 2013 1488 2047 pbr.
1513 2013 1660 2039 Haimicus
1674 2013 1797 2039 subdiac.
1812 2022 1837 2039 n.

549 2058 665 2084 Sifridus
684 2067 724 2084 cv.
744 2067 770 2084 n.
799 2058 955 2090 Hainricus.
976 2058 1153 2088 Raembotus,
1175 2055 1337 2083 Chfiuradus
1357 2057 1373 2082 l.
1405 2056 1552 2082 Liukardis
1572 2057 1589 2082 Ι.

490 2101 652 2128 Clii’mradus
671 2111 749 2135 ppos.
780 2102 904 2136 Hageno,
924 2101 1064 2127 Ainwicus
1084 2100 1141 2135 pbi.
1173 2100 1362 2131 Haertwicus,
1382 2100 1523 2132 GeroltluS,
1544 2100 1706 2126 Cht’mradus
1725 2109 1765 2126 cv.
1786 2100 1836 2126 nri.

549 2145 627 2177 Otto,
656 2145 736 2177 Otto,
763 2145 929 2172 Adelbertus
948 2145 965 2171 l.
997 2145 1143 2178 [Iohannes
1169 2153 1209 2178 pr.
1227 2153 1252 2169 n.
1273 2143 1363 2170 (lictus
1384 2143 1467 2169 Valer
1485 2143 1543 2173 ob..
1571 2143 1618 2176 qui
1638 2143 1701 2169 huic
1722 2143 1838 2169 ecclesie

548 2188 636 2214 multa
656 2188 727 2213 bona.
746 2188 813 2214 fecit
832 2188 859 2213 in
880 2187 1002 2218 edificiis,
1023 2187 1049 2213 in
1070 2187 1261 2221 empcionibus
1280 2188 1308 2212 et
1328 2187 1355 2212 iu
1375 2186 1438 2212 aliis
1457 2186 1550 2217 bonis,
1570 2195 1622 2220 que
1642 2188 1670 2212 et
1689 2195 1758 2219 quas
1778 2186 1837 2220 ipse

550 2231 699 2264 acquisivit
719 2233 842 2265 tempore
861 2231 1005 2265 regiminis
1024 2231 1073 2261 sui,
1094 2230 1270 2264 consol-acio]

490 2275 702 2306 Udalricus
727 2275 745 2306 l.
784 2275 987 2306 Riehildis
1011 2274 1030 2306 l.
1077 2282 1225 2309 Hartnitus
1244 2282 1304 2316 pbr.
1337 2282 1446 2315 Rapoto
1466 2290 1506 2307 cv.
1526 2290 1552 2306 n.

489 2327 640 2358 Richel'·
681 2326 842 2357 Cunl'at-
888 2334 1036 2360 Gerdrudis
1057 2342 1097 2360 cv.
1117 2342 1173 2359 nra.
1204 2333 1432 2367 Haimprechtus,
1453 2332 1604 2361 Fridfflcus,
1624 2331 1748 2365 Sigboto,
1768 2331 1838 2356 Mar-

550 2377 677 2411 quardus,
698 2377 808 2408 Albero,
828 2377 1024 2411 Eugeupoldus
1043 2377 1060 2403 l.
1092 2376 1249 2410 Gerwirgis,
1269 2375 1468 2402 Maechthildis
1487 2376 1504 2401 l.

293 2533 315 2565 ¹¹)
334 2534 370 2558 B:
389 2535 492 2559 Hailka.

295 2586 314 2615 ¹)
335 2584 399 2617 Rey.
416 2585 478 2617 pia:
502 2585 571 2611 Item
598 2584 625 2610 in
650 2584 837 2611 anniversario
866 2584 970 2610 domini
990 2573 1167 2611 &delschalci
1192 2584 1291 2610 decani
1311 2584 1343 2610 de
1364 2583 1498 2617 Inspach,
1523 2582 1570 2616 qui
1595 2584 1637 2608 est
1656 2582 1688 2608 X.
1708 2581 1764 2608 kal.
1784 2580 1837 2607 No-

191 2626 321 2657 vembris.
346 2627 523 2653 ministratur
541 2627 690 2654 conventui
710 2627 743 2653 de
763 2627 840 2653 curia
859 2627 887 2653 in
907 2627 1120 2661 Wernprunnen
1140 2629 1168 2653 et
1187 2636 1242 2653 uno
1261 2636 1357 2653 mansu
1382 2627 1408 2652 in
1428 2625 1561 2659 Gilching
1584 2627 1612 2651 et
1637 2634 1691 2651 una
1712 2624 1789 2650 curia
1809 2624 1836 2650 in

190 2669 316 2696 Niuvarn
335 2672 364 2696 et
382 2679 436 2696 una
456 2669 532 2696 curia.
550 2670 578 2696 in
596 2671 825 2704 Walcherspaeh.
846 2686 876 2689 —
898 2669 971 2696 Haec
989 2673 1054 2696 nota
1072 2671 1102 2695 rin
1121 2671 1148 2696 B
1164 2673 1218 2696 tota
1237 2678 1316 2695 erasa
1334 2672 1378 2696 cst.
1468 2672 1488 2701 ²)
1510 2669 1573 2702 Rey.
1592 2669 1651 2701 pin:
1671 2669 1741 2694 Item
1760 2667 1837 2693 hfiba

189 2712 218 2738 in
237 2712 387 2747 Puppling,
406 2713 474 2739 item
492 2713 679 2739 molendinum
698 2713 801 2740 ibidem
813 2734 818 2739 .
892 2713 925 2739 de
945 2713 1040 2739 eadem
1059 2713 1135 2739 hfiba
1153 2714 1182 2739 et
1201 2713 1297 2739 eodem
1316 2711 1472 2738 molendino
1492 2711 1667 2737 ministratur
1686 2710 1835 2737 conventui

190 2755 219 2781 in
237 2755 424 2782 anniversario
444 2756 547 2782 domini
566 2756 655 2783 Ulriei
667 2756 885 2787 Saehsenhauser,
905 2756 953 2789 qui
972 2759 1014 2783 est
1027 2756 1074 2782 VI.
1088 2756 1143 2783 kal.
1161 2756 1334 2782 Novembris.
1354 2771 1386 2774 —
1406 2756 1440 2781 122
1460 2755 1486 2781 Β
1504 2757 1570 2781 nota
1588 2757 1642 2780 tota
1661 2762 1739 2780 erasa
1758 2756 1801 2780 est.

295 2809 373 2833 Nncu.
388 2811 463 2833 Bmx.
478 2810 548 2833 Fms.
563 2811 627 2834 Ru.
1600 2806 1629 2832 17
