<?xml version="1.0" encoding="UTF-8"?>
<!DOCTYPE html PUBLIC "-//W3C//DTD XHTML 1.0 Transitional//EN"
    "http://www.w3.org/TR/xhtml1/DTD/xhtml1-transitional.dtd">
<html xmlns="http://www.w3.org/1999/xhtml" xml:lang="en" lang="en">
 <head>
  <title>
</title>
<meta http-equiv="Content-Type" content="text/html;charset=utf-8" />
  <meta name='ocr-system' content='tesseract 3.04.00' />
  <meta name='ocr-capabilities' content='ocr_page ocr_carea ocr_par ocr_line ocrx_word'/>
</head>
<body>
  <div class='ocr_page' id='page_1' title='image "./monumentagenecro03geseuoft_0373.png"; bbox 0 0 2085 2999; ppageno 0'>
   <div class='ocr_carea' id='block_1_1' title="bbox 227 243 341 485">
    <p class='ocr_par' dir='ltr' id='par_1_1' title="bbox 227 243 341 485">
     <span class='ocr_line' id='line_1_1' title="bbox 227 243 337 270; baseline 0 0"><span class='ocrx_word' id='word_1_1' title='bbox 227 244 288 270; x_wconf 92' lang='lat' dir='ltr'><strong>VII.</strong></span> <span class='ocrx_word' id='word_1_2' title='bbox 302 243 337 270; x_wconf 83' lang='lat' dir='ltr'><strong>id.</strong></span> 
     </span>
     <span class='ocr_line' id='line_1_2' title="bbox 242 286 341 314; baseline 0.01 -1"><span class='ocrx_word' id='word_1_3' title='bbox 242 287 289 314; x_wconf 87' lang='lat' dir='ltr'><strong>VI.</strong></span> <span class='ocrx_word' id='word_1_4' title='bbox 303 286 341 314; x_wconf 90' lang='lat' dir='ltr'><strong>id.</strong></span> 
     </span>
     <span class='ocr_line' id='line_1_3' title="bbox 237 330 336 356; baseline 0 0"><span class='ocrx_word' id='word_1_5' title='bbox 237 330 284 356; x_wconf 91' lang='lat' dir='ltr'><strong>IV.</strong></span> <span class='ocrx_word' id='word_1_6' title='bbox 299 330 336 356; x_wconf 82' lang='lat' dir='ltr'><strong>id.</strong></span> 
     </span>
     <span class='ocr_line' id='line_1_4' title="bbox 238 373 335 399; baseline 0.01 -1"><span class='ocrx_word' id='word_1_7' title='bbox 238 373 284 399; x_wconf 84' lang='lat'><strong>111.</strong></span> <span class='ocrx_word' id='word_1_8' title='bbox 299 373 335 399; x_wconf 86' lang='lat' dir='ltr'><strong>id.</strong></span> 
     </span>
     <span class='ocr_line' id='line_1_5' title="bbox 254 416 338 443; baseline 0.012 -1"><span class='ocrx_word' id='word_1_9' title='bbox 254 416 287 442; x_wconf 88' lang='grc' dir='ltr'><strong>Π.</strong></span> <span class='ocrx_word' id='word_1_10' title='bbox 301 416 338 443; x_wconf 88' lang='lat' dir='ltr'><strong>id.</strong></span> 
     </span>
     <span class='ocr_line' id='line_1_6' title="bbox 300 459 336 485; baseline 0.028 -1"><span class='ocrx_word' id='word_1_11' title='bbox 300 459 336 485; x_wconf 86' lang='lat' dir='ltr'><strong>id.</strong></span> 
     </span>
    </p>
   </div>
   <div class='ocr_carea' id='block_1_2' title="bbox 186 501 356 529">
    <p class='ocr_par' dir='ltr' id='par_1_2' title="bbox 186 501 356 529">
     <span class='ocr_line' id='line_1_7' title="bbox 186 501 356 529; baseline 0.006 -2"><span class='ocrx_word' id='word_1_12' title='bbox 186 501 286 529; x_wconf 87' lang='lat' dir='ltr'>XVIII.</span> <span class='ocrx_word' id='word_1_13' title='bbox 300 501 356 528; x_wconf 78' lang='lat' dir='ltr'><strong>kal.</strong></span> 
     </span>
    </p>
   </div>
   <div class='ocr_carea' id='block_1_3' title="bbox 196 544 354 615">
    <p class='ocr_par' dir='ltr' id='par_1_3' title="bbox 196 544 354 615">
     <span class='ocr_line' id='line_1_8' title="bbox 196 544 352 572; baseline 0.013 -2"><span class='ocrx_word' id='word_1_14' title='bbox 196 544 282 571; x_wconf 86' lang='lat' dir='ltr'>XVII.</span> <span class='ocrx_word' id='word_1_15' title='bbox 296 545 352 572; x_wconf 68' lang='lat' dir='ltr'><strong>kal.</strong></span> 
     </span>
     <span class='ocr_line' id='line_1_9' title="bbox 209 587 354 615; baseline 0.007 -2"><span class='ocrx_word' id='word_1_16' title='bbox 209 587 286 615; x_wconf 84' lang='lat' dir='ltr'><strong>XIII.</strong></span> <span class='ocrx_word' id='word_1_17' title='bbox 299 588 354 614; x_wconf 84' lang='lat' dir='ltr'><strong>kal.</strong></span> 
     </span>
    </p>
   </div>
   <div class='ocr_carea' id='block_1_4' title="bbox 220 673 353 830">
    <p class='ocr_par' dir='ltr' id='par_1_4' title="bbox 220 673 353 830">
     <span class='ocr_line' id='line_1_10' title="bbox 220 673 349 700; baseline 0.008 -1"><span class='ocrx_word' id='word_1_18' title='bbox 220 673 280 700; x_wconf 88' lang='lat' dir='ltr'><strong>XII.</strong></span> <span class='ocrx_word' id='word_1_19' title='bbox 293 674 349 700; x_wconf 87' lang='lat' dir='ltr'><strong>kal.</strong></span> 
     </span>
     <span class='ocr_line' id='line_1_11' title="bbox 234 716 351 743; baseline 0.009 -1"><span class='ocrx_word' id='word_1_20' title='bbox 234 716 281 742; x_wconf 88' lang='lat' dir='ltr'><strong>XI.</strong></span> <span class='ocrx_word' id='word_1_21' title='bbox 296 717 351 743; x_wconf 83' lang='lat' dir='ltr'><strong>kal.</strong></span> 
     </span>
     <span class='ocr_line' id='line_1_12' title="bbox 251 760 353 787; baseline 0.01 -1"><span class='ocrx_word' id='word_1_22' title='bbox 251 760 284 787; x_wconf 87' lang='lat' dir='ltr'><strong>X.</strong></span> <span class='ocrx_word' id='word_1_23' title='bbox 298 761 353 787; x_wconf 80' lang='lat' dir='ltr'><strong>kal.</strong></span> 
     </span>
     <span class='ocr_line' id='line_1_13' title="bbox 238 803 353 830; baseline 0.009 -1"><span class='ocrx_word' id='word_1_24' title='bbox 238 804 284 830; x_wconf 88' lang='lat' dir='ltr'><strong>IX.</strong></span> <span class='ocrx_word' id='word_1_25' title='bbox 298 803 353 830; x_wconf 82' lang='lat' dir='ltr'><strong>kal.</strong></span> 
     </span>
    </p>
   </div>
   <div class='ocr_carea' id='block_1_5' title="bbox 225 846 354 873">
    <p class='ocr_par' dir='ltr' id='par_1_5' title="bbox 225 846 354 873">
     <span class='ocr_line' id='line_1_14' title="bbox 225 846 354 873; baseline 0.008 -1"><span class='ocrx_word' id='word_1_26' title='bbox 225 846 284 872; x_wconf 89' lang='lat' dir='ltr'><strong>VII.</strong></span> <span class='ocrx_word' id='word_1_27' title='bbox 298 847 354 873; x_wconf 82' lang='lat' dir='ltr'><strong>kal.</strong></span> 
     </span>
    </p>
   </div>
   <div class='ocr_carea' id='block_1_6' title="bbox 232 889 352 1088">
    <p class='ocr_par' dir='ltr' id='par_1_6' title="bbox 232 889 352 1088">
     <span class='ocr_line' id='line_1_15' title="bbox 235 889 350 916; baseline 0 -1"><span class='ocrx_word' id='word_1_28' title='bbox 235 889 281 916; x_wconf 94' lang='lat' dir='ltr'><strong>VI.</strong></span> <span class='ocrx_word' id='word_1_29' title='bbox 295 889 350 916; x_wconf 82' lang='lat' dir='ltr'><strong>kal.</strong></span> 
     </span>
     <span class='ocr_line' id='line_1_16' title="bbox 252 932 352 958; baseline 0 0"><span class='ocrx_word' id='word_1_30' title='bbox 252 932 284 958; x_wconf 89' lang='lat' dir='ltr'><strong>V.</strong></span> <span class='ocrx_word' id='word_1_31' title='bbox 297 933 352 958; x_wconf 83' lang='lat' dir='ltr'><strong>kal.</strong></span> 
     </span>
     <span class='ocr_line' id='line_1_17' title="bbox 233 976 350 1002; baseline 0 0"><span class='ocrx_word' id='word_1_32' title='bbox 233 976 279 1002; x_wconf 88' lang='lat' dir='ltr'><strong>IV.</strong></span> <span class='ocrx_word' id='word_1_33' title='bbox 294 976 350 1002; x_wconf 74' lang='lat' dir='ltr'><strong>kal.</strong></span> 
     </span>
     <span class='ocr_line' id='line_1_18' title="bbox 232 1019 349 1046; baseline -0.009 -1"><span class='ocrx_word' id='word_1_34' title='bbox 232 1019 280 1045; x_wconf 90' lang='lat' dir='ltr'><strong>III.</strong></span> <span class='ocrx_word' id='word_1_35' title='bbox 294 1019 349 1046; x_wconf 78' lang='lat' dir='ltr'><strong>kal.</strong></span> 
     </span>
     <span class='ocr_line' id='line_1_19' title="bbox 246 1062 350 1088; baseline 0 0"><span class='ocrx_word' id='word_1_36' title='bbox 246 1063 280 1088; x_wconf 68' lang='lat' dir='ltr'><strong>II.</strong></span> <span class='ocrx_word' id='word_1_37' title='bbox 294 1062 350 1088; x_wconf 81' lang='lat' dir='ltr'><strong>kal.</strong></span> 
     </span>
    </p>
   </div>
   <div class='ocr_carea' id='block_1_7' title="bbox 293 1226 348 1252">
    <p class='ocr_par' dir='ltr' id='par_1_7' title="bbox 293 1226 348 1252">
     <span class='ocr_line' id='line_1_20' title="bbox 293 1226 348 1252; baseline 0 -1"><span class='ocrx_word' id='word_1_38' title='bbox 293 1226 348 1252; x_wconf 75' lang='lat' dir='ltr'><strong>kal.</strong></span> 
     </span>
    </p>
   </div>
   <div class='ocr_carea' id='block_1_8' title="bbox 234 1268 357 1424">
    <p class='ocr_par' dir='ltr' id='par_1_8' title="bbox 234 1268 357 1380">
     <span class='ocr_line' id='line_1_21' title="bbox 236 1268 357 1295; baseline 0 -1"><span class='ocrx_word' id='word_1_39' title='bbox 236 1268 282 1294; x_wconf 94' lang='lat' dir='ltr'><strong>IV.</strong></span> <span class='ocrx_word' id='word_1_40' title='bbox 296 1277 357 1295; x_wconf 73' lang='lat' dir='ltr'>nou,</span> 
     </span>
     <span class='ocr_line' id='line_1_22' title="bbox 234 1311 356 1338; baseline 0.008 -2"><span class='ocrx_word' id='word_1_41' title='bbox 234 1311 281 1338; x_wconf 83' lang='lat'><strong>111.</strong></span> <span class='ocrx_word' id='word_1_42' title='bbox 296 1320 356 1338; x_wconf 71' lang='lat' dir='ltr'><strong>non.</strong></span> 
     </span>
     <span class='ocr_line' id='line_1_23' title="bbox 247 1354 357 1380; baseline 0.009 -1"><span class='ocrx_word' id='word_1_43' title='bbox 247 1354 280 1380; x_wconf 87' lang='lat' dir='ltr'><strong>II.</strong></span> <span class='ocrx_word' id='word_1_44' title='bbox 295 1363 357 1380; x_wconf 87' lang='lat' dir='ltr'><strong>uon.</strong></span> 
     </span>
    </p>

    <p class='ocr_par' dir='ltr' id='par_1_9' title="bbox 292 1406 355 1424">
     <span class='ocr_line' id='line_1_24' title="bbox 292 1406 355 1424; baseline 0 -1"><span class='ocrx_word' id='word_1_45' title='bbox 292 1406 355 1424; x_wconf 90' lang='lat' dir='ltr'><strong>non.</strong></span> 
     </span>
    </p>
   </div>
   <div class='ocr_carea' id='block_1_9' title="bbox 176 1440 346 2457">
    <p class='ocr_par' dir='ltr' id='par_1_10' title="bbox 176 1440 346 2457">
     <span class='ocr_line' id='line_1_25' title="bbox 206 1440 330 1467; baseline 0.016 -2"><span class='ocrx_word' id='word_1_46' title='bbox 206 1440 279 1466; x_wconf 89' lang='lat' dir='ltr'><strong>VIII.</strong></span> <span class='ocrx_word' id='word_1_47' title='bbox 293 1440 330 1467; x_wconf 89' lang='lat' dir='ltr'><strong>id.</strong></span> 
     </span>
     <span class='ocr_line' id='line_1_26' title="bbox 218 1483 328 1510; baseline -0.009 -1"><span class='ocrx_word' id='word_1_48' title='bbox 218 1483 278 1510; x_wconf 92' lang='lat' dir='ltr'><strong>VII.</strong></span> <span class='ocrx_word' id='word_1_49' title='bbox 291 1483 328 1510; x_wconf 89' lang='lat' dir='ltr'><strong>id.</strong></span> 
     </span>
     <span class='ocr_line' id='line_1_27' title="bbox 228 1526 326 1553; baseline 0.02 -2"><span class='ocrx_word' id='word_1_50' title='bbox 228 1526 276 1552; x_wconf 89' lang='lat' dir='ltr'><strong>VI.</strong></span> <span class='ocrx_word' id='word_1_51' title='bbox 290 1527 326 1553; x_wconf 89' lang='lat' dir='ltr'><strong>id.</strong></span> 
     </span>
     <span class='ocr_line' id='line_1_28' title="bbox 246 1569 327 1596; baseline 0 0"><span class='ocrx_word' id='word_1_52' title='bbox 246 1569 277 1596; x_wconf 92' lang='lat' dir='ltr'><strong>V.</strong></span> <span class='ocrx_word' id='word_1_53' title='bbox 291 1569 327 1596; x_wconf 83' lang='lat' dir='ltr'><strong>id.</strong></span> 
     </span>
     <span class='ocr_line' id='line_1_29' title="bbox 232 1612 330 1639; baseline 0 -1"><span class='ocrx_word' id='word_1_54' title='bbox 232 1613 278 1638; x_wconf 89' lang='lat' dir='ltr'><strong>IV.</strong></span> <span class='ocrx_word' id='word_1_55' title='bbox 292 1612 330 1639; x_wconf 87' lang='lat' dir='ltr'><strong>id.</strong></span> 
     </span>
     <span class='ocr_line' id='line_1_30' title="bbox 245 1655 329 1681; baseline 0 0"><span class='ocrx_word' id='word_1_56' title='bbox 245 1656 279 1681; x_wconf 91' lang='lat' dir='ltr'><strong>II.</strong></span> <span class='ocrx_word' id='word_1_57' title='bbox 293 1655 329 1681; x_wconf 86' lang='lat' dir='ltr'><strong>id.</strong></span> 
     </span>
     <span class='ocr_line' id='line_1_31' title="bbox 290 1698 326 1724; baseline 0 0"><span class='ocrx_word' id='word_1_58' title='bbox 290 1698 326 1724; x_wconf 87' lang='lat' dir='ltr'><strong>id.</strong></span> 
     </span>
     <span class='ocr_line' id='line_1_32' title="bbox 176 1741 346 1768; baseline 0 -1"><span class='ocrx_word' id='word_1_59' title='bbox 176 1741 276 1768; x_wconf 82' lang='lat' dir='ltr'><strong>XVIII.</strong></span> <span class='ocrx_word' id='word_1_60' title='bbox 291 1742 346 1768; x_wconf 85' lang='lat' dir='ltr'><strong>kal.</strong></span> 
     </span>
     <span class='ocr_line' id='line_1_33' title="bbox 189 1784 345 1810; baseline 0 0"><span class='ocrx_word' id='word_1_61' title='bbox 189 1784 276 1810; x_wconf 89' lang='lat' dir='ltr'><strong>XVII.</strong></span> <span class='ocrx_word' id='word_1_62' title='bbox 289 1784 345 1810; x_wconf 78' lang='lat' dir='ltr'><strong>kal.</strong></span> 
     </span>
     <span class='ocr_line' id='line_1_34' title="bbox 202 1827 345 1854; baseline 0 -1"><span class='ocrx_word' id='word_1_63' title='bbox 202 1827 275 1853; x_wconf 87' lang='lat' dir='ltr'><strong>XVI.</strong></span> <span class='ocrx_word' id='word_1_64' title='bbox 288 1827 345 1854; x_wconf 85' lang='lat' dir='ltr'><strong>kal.</strong></span> 
     </span>
     <span class='ocr_line' id='line_1_35' title="bbox 215 1870 344 1897; baseline 0 -1"><span class='ocrx_word' id='word_1_65' title='bbox 215 1870 273 1896; x_wconf 88' lang='lat' dir='ltr'><strong>XV.</strong></span> <span class='ocrx_word' id='word_1_66' title='bbox 288 1870 344 1897; x_wconf 79' lang='lat' dir='ltr'><strong>kal.</strong></span> 
     </span>
     <span class='ocr_line' id='line_1_36' title="bbox 200 1913 342 1940; baseline 0.007 -1"><span class='ocrx_word' id='word_1_67' title='bbox 200 1913 272 1939; x_wconf 88' lang='lat' dir='ltr'><strong>XIV.</strong></span> <span class='ocrx_word' id='word_1_68' title='bbox 287 1914 342 1940; x_wconf 86' lang='lat' dir='ltr'><strong>kal.</strong></span> 
     </span>
     <span class='ocr_line' id='line_1_37' title="bbox 201 1957 343 1983; baseline 0.007 -1"><span class='ocrx_word' id='word_1_69' title='bbox 201 1957 274 1982; x_wconf 91' lang='lat' dir='ltr'><strong>XIII.</strong></span> <span class='ocrx_word' id='word_1_70' title='bbox 288 1957 343 1983; x_wconf 83' lang='lat' dir='ltr'><strong>kal.</strong></span> 
     </span>
     <span class='ocr_line' id='line_1_38' title="bbox 214 1999 342 2026; baseline 0 -1"><span class='ocrx_word' id='word_1_71' title='bbox 214 1999 274 2026; x_wconf 87' lang='lat' dir='ltr'><strong>XII.</strong></span> <span class='ocrx_word' id='word_1_72' title='bbox 288 2000 342 2026; x_wconf 84' lang='lat' dir='ltr'><strong>kal.</strong></span> 
     </span>
     <span class='ocr_line' id='line_1_39' title="bbox 225 2042 342 2069; baseline 0.009 -1"><span class='ocrx_word' id='word_1_73' title='bbox 225 2042 271 2068; x_wconf 88' lang='lat' dir='ltr'><strong>XI.</strong></span> <span class='ocrx_word' id='word_1_74' title='bbox 285 2042 342 2069; x_wconf 77' lang='lat' dir='ltr'><strong>kal.</strong></span> 
     </span>
     <span class='ocr_line' id='line_1_40' title="bbox 242 2086 344 2112; baseline 0.01 -1"><span class='ocrx_word' id='word_1_75' title='bbox 242 2086 274 2112; x_wconf 88' lang='lat' dir='ltr'><strong>X.</strong></span> <span class='ocrx_word' id='word_1_76' title='bbox 288 2086 344 2112; x_wconf 82' lang='lat' dir='ltr'><strong>kal.</strong></span> 
     </span>
     <span class='ocr_line' id='line_1_41' title="bbox 225 2129 340 2155; baseline 0.009 -1"><span class='ocrx_word' id='word_1_77' title='bbox 225 2129 271 2155; x_wconf 88' lang='lat' dir='ltr'><strong>IX.</strong></span> <span class='ocrx_word' id='word_1_78' title='bbox 285 2129 340 2155; x_wconf 71' lang='lat' dir='ltr'><strong>kal.</strong></span> 
     </span>
     <span class='ocr_line' id='line_1_42' title="bbox 200 2172 343 2198; baseline 0.007 -1"><span class='ocrx_word' id='word_1_79' title='bbox 200 2172 273 2198; x_wconf 88' lang='lat' dir='ltr'><strong>VIII.</strong></span> <span class='ocrx_word' id='word_1_80' title='bbox 288 2172 343 2198; x_wconf 79' lang='lat' dir='ltr'><strong>kaI.</strong></span> 
     </span>
     <span class='ocr_line' id='line_1_43' title="bbox 214 2215 344 2242; baseline 0.015 -2"><span class='ocrx_word' id='word_1_81' title='bbox 214 2215 273 2242; x_wconf 90' lang='lat' dir='ltr'><strong>VII.</strong></span> <span class='ocrx_word' id='word_1_82' title='bbox 288 2216 344 2242; x_wconf 80' lang='lat' dir='ltr'><strong>kal.</strong></span> 
     </span>
     <span class='ocr_line' id='line_1_44' title="bbox 225 2259 341 2286; baseline 0.017 -2"><span class='ocrx_word' id='word_1_83' title='bbox 225 2259 270 2285; x_wconf 86' lang='lat' dir='ltr'><strong>VI.</strong></span> <span class='ocrx_word' id='word_1_84' title='bbox 285 2259 341 2286; x_wconf 82' lang='lat' dir='ltr'><strong>kal.</strong></span> 
     </span>
     <span class='ocr_line' id='line_1_45' title="bbox 241 2301 342 2328; baseline 0.01 -1"><span class='ocrx_word' id='word_1_85' title='bbox 241 2301 273 2328; x_wconf 90' lang='lat' dir='ltr'><strong>V.</strong></span> <span class='ocrx_word' id='word_1_86' title='bbox 287 2302 342 2328; x_wconf 75' lang='lat' dir='ltr'><strong>kal.</strong></span> 
     </span>
     <span class='ocr_line' id='line_1_46' title="bbox 225 2345 339 2371; baseline 0.009 -1"><span class='ocrx_word' id='word_1_87' title='bbox 225 2345 269 2371; x_wconf 88' lang='lat' dir='ltr'><strong>IV.</strong></span> <span class='ocrx_word' id='word_1_88' title='bbox 283 2345 339 2371; x_wconf 81' lang='lat' dir='ltr'><strong>kal.</strong></span> 
     </span>
     <span class='ocr_line' id='line_1_47' title="bbox 225 2388 341 2414; baseline 0.009 -1"><span class='ocrx_word' id='word_1_89' title='bbox 225 2388 272 2413; x_wconf 89' lang='lat' dir='ltr'><strong>III.</strong></span> <span class='ocrx_word' id='word_1_90' title='bbox 286 2388 341 2414; x_wconf 84' lang='lat' dir='ltr'><strong>kal.</strong></span> 
     </span>
     <span class='ocr_line' id='line_1_48' title="bbox 241 2431 343 2457; baseline 0 -1"><span class='ocrx_word' id='word_1_91' title='bbox 241 2431 274 2457; x_wconf 95' lang='lat' dir='ltr'><strong>II.</strong></span> <span class='ocrx_word' id='word_1_92' title='bbox 288 2431 343 2457; x_wconf 84' lang='lat' dir='ltr'><strong>kal.</strong></span> 
     </span>
    </p>
   </div>
   <div class='ocr_carea' id='block_1_10' title="bbox 297 2512 371 2514">
    <p class='ocr_par' dir='ltr' id='par_1_11' title="bbox 297 2512 371 2514">
     <span class='ocr_line' id='line_1_49' title="bbox 297 2512 371 2514; baseline 0 0"><span class='ocrx_word' id='word_1_93' title='bbox 297 2512 371 2514; x_wconf 95' lang='lat' dir='ltr'><strong> </strong></span> 
     </span>
    </p>
   </div>
   <div class='ocr_carea' id='block_1_11' title="bbox 171 2577 782 2647">
    <p class='ocr_par' dir='ltr' id='par_1_12' title="bbox 171 2577 782 2647">
     <span class='ocr_line' id='line_1_50' title="bbox 277 2577 782 2610; baseline 0 -7"><span class='ocrx_word' id='word_1_94' title='bbox 277 2578 296 2608; x_wconf 80' lang='lat'><strong>¹)</strong></span> <span class='ocrx_word' id='word_1_95' title='bbox 318 2577 416 2603; x_wconf 71' lang='lat' dir='ltr'><strong>Revera</strong></span> <span class='ocrx_word' id='word_1_96' title='bbox 435 2577 499 2604; x_wconf 80' lang='lat' dir='ltr'><strong>abb.</strong></span> <span class='ocrx_word' id='word_1_97' title='bbox 513 2578 782 2610; x_wconf 69' lang='lat' dir='ltr'><strong>VVeltenburgensis.</strong></span> 
     </span>
     <span class='ocr_line' id='line_1_51' title="bbox 171 2620 574 2647; baseline 0.002 -2"><span class='ocrx_word' id='word_1_98' title='bbox 171 2620 307 2646; x_wconf 75' lang='lat' dir='ltr'>secundus</span> <span class='ocrx_word' id='word_1_99' title='bbox 327 2621 390 2647; x_wconf 79' lang='lat' dir='ltr'><strong>abb.</strong></span> <span class='ocrx_word' id='word_1_100' title='bbox 411 2620 492 2646; x_wconf 84' lang='lat' dir='ltr'>huius</span> <span class='ocrx_word' id='word_1_101' title='bbox 512 2620 574 2646; x_wconf 84' lang='lat' dir='ltr'><strong>loci.</strong></span> 
     </span>
    </p>
   </div>
   <div class='ocr_carea' id='block_1_12' title="bbox 402 245 444 357">
    <p class='ocr_par' dir='ltr' id='par_1_13' title="bbox 402 245 444 357">
     <span class='ocr_line' id='line_1_52' title="bbox 420 245 444 270; baseline 0 0"><span class='ocrx_word' id='word_1_102' title='bbox 420 245 444 270; x_wconf 85' lang='lat'><strong>7.</strong></span> 
     </span>
     <span class='ocr_line' id='line_1_53' title="bbox 419 287 443 313; baseline -0.042 0"><span class='ocrx_word' id='word_1_103' title='bbox 419 287 443 313; x_wconf 87' lang='lat'><strong>8.</strong></span> 
     </span>
     <span class='ocr_line' id='line_1_54' title="bbox 402 331 441 357; baseline 0 -1"><span class='ocrx_word' id='word_1_104' title='bbox 402 331 441 357; x_wconf 89' lang='lat'><strong>10.</strong></span> 
     </span>
    </p>
   </div>
   <div class='ocr_carea' id='block_1_13' title="bbox 401 374 439 400">
    <p class='ocr_par' dir='ltr' id='par_1_14' title="bbox 401 374 439 400">
     <span class='ocr_line' id='line_1_55' title="bbox 401 374 439 400; baseline 0 -1"><span class='ocrx_word' id='word_1_105' title='bbox 401 374 439 400; x_wconf 90' lang='lat' dir='ltr'><strong>Il.</strong></span> 
     </span>
    </p>
   </div>
   <div class='ocr_carea' id='block_1_14' title="bbox 400 417 443 615">
    <p class='ocr_par' dir='ltr' id='par_1_15' title="bbox 400 417 443 615">
     <span class='ocr_line' id='line_1_56' title="bbox 403 417 442 443; baseline 0.026 -1"><span class='ocrx_word' id='word_1_106' title='bbox 403 417 442 443; x_wconf 98' lang='lat'><strong>12.</strong></span> 
     </span>
     <span class='ocr_line' id='line_1_57' title="bbox 401 459 441 485; baseline 0 0"><span class='ocrx_word' id='word_1_107' title='bbox 401 459 441 485; x_wconf 87' lang='lat'><strong>13.</strong></span> 
     </span>
     <span class='ocr_line' id='line_1_58' title="bbox 403 503 443 529; baseline -0.025 0"><span class='ocrx_word' id='word_1_108' title='bbox 403 503 443 529; x_wconf 88' lang='lat'><strong>15.</strong></span> 
     </span>
     <span class='ocr_line' id='line_1_59' title="bbox 400 545 439 571; baseline 0 0"><span class='ocrx_word' id='word_1_109' title='bbox 400 545 439 571; x_wconf 88' lang='lat'><strong>16.</strong></span> 
     </span>
     <span class='ocr_line' id='line_1_60' title="bbox 402 589 441 615; baseline -0.026 0"><span class='ocrx_word' id='word_1_110' title='bbox 402 589 441 615; x_wconf 85' lang='lat'><strong>19.</strong></span> 
     </span>
    </p>
   </div>
   <div class='ocr_carea' id='block_1_15' title="bbox 397 675 437 701">
    <p class='ocr_par' dir='ltr' id='par_1_16' title="bbox 397 675 437 701">
     <span class='ocr_line' id='line_1_61' title="bbox 397 675 437 701; baseline 0 -1"><span class='ocrx_word' id='word_1_111' title='bbox 397 675 437 701; x_wconf 71' lang='lat'><strong>20.</strong></span> 
     </span>
    </p>
   </div>
   <div class='ocr_carea' id='block_1_16' title="bbox 396 717 442 958">
    <p class='ocr_par' dir='ltr' id='par_1_17' title="bbox 396 717 442 958">
     <span class='ocr_line' id='line_1_62' title="bbox 397 717 438 743; baseline 0 0"><span class='ocrx_word' id='word_1_112' title='bbox 397 717 438 743; x_wconf 96' lang='lat' dir='ltr'><strong>2l.</strong></span> 
     </span>
     <span class='ocr_line' id='line_1_63' title="bbox 399 761 442 786; baseline 0 0"><span class='ocrx_word' id='word_1_113' title='bbox 399 761 442 786; x_wconf 83' lang='lat'><strong>22.</strong></span> 
     </span>
     <span class='ocr_line' id='line_1_64' title="bbox 398 804 439 830; baseline -0.024 0"><span class='ocrx_word' id='word_1_114' title='bbox 398 804 439 830; x_wconf 87' lang='lat'><strong>23.</strong></span> 
     </span>
     <span class='ocr_line' id='line_1_65' title="bbox 398 847 439 873; baseline -0.024 0"><span class='ocrx_word' id='word_1_115' title='bbox 398 847 439 873; x_wconf 85' lang='lat'><strong>25.</strong></span> 
     </span>
     <span class='ocr_line' id='line_1_66' title="bbox 396 890 437 916; baseline 0.024 -1"><span class='ocrx_word' id='word_1_116' title='bbox 396 890 437 916; x_wconf 88' lang='lat'><strong>26.</strong></span> 
     </span>
     <span class='ocr_line' id='line_1_67' title="bbox 398 933 438 958; baseline 0 0"><span class='ocrx_word' id='word_1_117' title='bbox 398 933 438 958; x_wconf 82' lang='lat'><strong>27.</strong></span> 
     </span>
    </p>
   </div>
   <div class='ocr_carea' id='block_1_17' title="bbox 395 975 436 1002">
    <p class='ocr_par' dir='ltr' id='par_1_18' title="bbox 395 975 436 1002">
     <span class='ocr_line' id='line_1_68' title="bbox 395 975 436 1002; baseline 0.024 -1"><span class='ocrx_word' id='word_1_118' title='bbox 395 975 436 1002; x_wconf 83' lang='lat'><strong>28.</strong></span> 
     </span>
    </p>
   </div>
   <div class='ocr_carea' id='block_1_18' title="bbox 395 1019 438 1088">
    <p class='ocr_par' dir='ltr' id='par_1_19' title="bbox 395 1019 438 1088">
     <span class='ocr_line' id='line_1_69' title="bbox 395 1019 438 1045; baseline 0 0"><span class='ocrx_word' id='word_1_119' title='bbox 395 1019 438 1045; x_wconf 84' lang='lat'><strong>29.</strong></span> 
     </span>
     <span class='ocr_line' id='line_1_70' title="bbox 396 1062 436 1088; baseline -0.025 0"><span class='ocrx_word' id='word_1_120' title='bbox 396 1062 436 1088; x_wconf 87' lang='lat'><strong>30.</strong></span> 
     </span>
    </p>
   </div>
   <div class='ocr_carea' id='block_1_19' title="bbox 715 149 1312 177">
    <p class='ocr_par' dir='ltr' id='par_1_20' title="bbox 715 149 1312 177">
     <span class='ocr_line' id='line_1_71' title="bbox 715 149 1312 177; baseline 0.005 -3"><span class='ocrx_word' id='word_1_121' title='bbox 715 149 979 176; x_wconf 78' lang='lat' dir='ltr'><strong>NECROLOGIUM</strong></span> <span class='ocrx_word' id='word_1_122' title='bbox 998 150 1312 177; x_wconf 84' lang='lat' dir='ltr'><strong>PRUFENINGENSE.</strong></span> 
     </span>
    </p>
   </div>
   <div class='ocr_carea' id='block_1_20' title="bbox 499 244 784 278">
    <p class='ocr_par' dir='ltr' id='par_1_21' title="bbox 499 244 784 278">
     <span class='ocr_line' id='line_1_72' title="bbox 499 244 784 278; baseline 0 -8"><span class='ocrx_word' id='word_1_123' title='bbox 499 244 624 276; x_wconf 74' lang='lat' dir='ltr'><strong>Rugerus</strong></span> <span class='ocrx_word' id='word_1_124' title='bbox 643 253 677 269; x_wconf 86' lang='lat' dir='ltr'><strong>m.</strong></span> <span class='ocrx_word' id='word_1_125' title='bbox 697 253 722 270; x_wconf 88' lang='lat' dir='ltr'><strong>n.</strong></span> <span class='ocrx_word' id='word_1_126' title='bbox 742 253 784 278; x_wconf 82' lang='lat' dir='ltr'><strong>cg.</strong></span> 
     </span>
    </p>
   </div>
   <div class='ocr_carea' id='block_1_21' title="bbox 496 286 1692 367">
    <p class='ocr_par' dir='ltr' id='par_1_22' title="bbox 496 286 1692 367">
     <span class='ocr_line' id='line_1_73' title="bbox 497 286 1692 325; baseline 0.005 -13"><span class='ocrx_word' id='word_1_127' title='bbox 497 286 637 313; x_wconf 87' lang='lat' dir='ltr'><strong>Erhardus</strong></span> <span class='ocrx_word' id='word_1_128' title='bbox 656 287 715 321; x_wconf 86' lang='lat' dir='ltr'><strong>pbr.</strong></span> <span class='ocrx_word' id='word_1_129' title='bbox 736 289 764 313; x_wconf 83' lang='lat' dir='ltr'><strong>et</strong></span> <span class='ocrx_word' id='word_1_130' title='bbox 782 297 817 314; x_wconf 85' lang='lat' dir='ltr'><strong>m.</strong></span> <span class='ocrx_word' id='word_1_131' title='bbox 854 287 997 314; x_wconf 80' lang='lat' dir='ltr'>Diemudis</span> <span class='ocrx_word' id='word_1_132' title='bbox 1016 289 1051 314; x_wconf 83' lang='lat' dir='ltr'><strong>la.</strong></span> <span class='ocrx_word' id='word_1_133' title='bbox 1089 289 1245 322; x_wconf 76' lang='lat' dir='ltr'><strong>[Albericus</strong></span> <span class='ocrx_word' id='word_1_134' title='bbox 1264 290 1328 315; x_wconf 73' lang='lat' dir='ltr'><strong>abb.</strong></span> <span class='ocrx_word' id='word_1_135' title='bbox 1347 290 1383 316; x_wconf 77' lang='lat' dir='ltr'><strong>ad</strong></span> <span class='ocrx_word' id='word_1_136' title='bbox 1401 290 1426 316; x_wconf 77' lang='lat' dir='ltr'><strong>S.</strong></span> <span class='ocrx_word' id='word_1_137' title='bbox 1445 290 1692 325; x_wconf 74' lang='lat' dir='ltr'><strong>Emmeramum.¹)]</strong></span> 
     </span>
     <span class='ocr_line' id='line_1_74' title="bbox 496 330 1569 367; baseline 0.005 -12"><span class='ocrx_word' id='word_1_138' title='bbox 496 330 633 356; x_wconf 85' lang='lat' dir='ltr'><strong>Arnoldus</strong></span> <span class='ocrx_word' id='word_1_139' title='bbox 651 339 686 356; x_wconf 89' lang='lat' dir='ltr'><strong>m.</strong></span> <span class='ocrx_word' id='word_1_140' title='bbox 706 339 731 356; x_wconf 86' lang='lat' dir='ltr'><strong>n.</strong></span> <span class='ocrx_word' id='word_1_141' title='bbox 751 339 792 365; x_wconf 86' lang='lat' dir='ltr'><strong>cg.</strong></span> <span class='ocrx_word' id='word_1_142' title='bbox 822 331 1014 366; x_wconf 79' lang='lat' dir='ltr'>Wolfgangus,</span> <span class='ocrx_word' id='word_1_143' title='bbox 1035 332 1174 360; x_wconf 73' lang='lat' dir='ltr'><strong>Albertus,</strong></span> <span class='ocrx_word' id='word_1_144' title='bbox 1195 332 1380 366; x_wconf 80' lang='lat' dir='ltr'>Wolfgangus</span> <span class='ocrx_word' id='word_1_145' title='bbox 1399 333 1456 367; x_wconf 87' lang='lat' dir='ltr'><strong>pbi.</strong></span> <span class='ocrx_word' id='word_1_146' title='bbox 1475 335 1504 360; x_wconf 71' lang='lat' dir='ltr'><strong>et</strong></span> <span class='ocrx_word' id='word_1_147' title='bbox 1523 334 1569 361; x_wconf 89' lang='lat' dir='ltr'><strong>mi.</strong></span> 
     </span>
    </p>
   </div>
   <div class='ocr_carea' id='block_1_22' title="bbox 495 372 797 408">
    <p class='ocr_par' dir='ltr' id='par_1_23' title="bbox 495 372 797 408">
     <span class='ocr_line' id='line_1_75' title="bbox 495 372 797 408; baseline 0.007 -10"><span class='ocrx_word' id='word_1_148' title='bbox 495 372 636 399; x_wconf 81' lang='lat' dir='ltr'><strong>conradus</strong></span> <span class='ocrx_word' id='word_1_149' title='bbox 655 382 690 399; x_wconf 85' lang='lat' dir='ltr'><strong>m.</strong></span> <span class='ocrx_word' id='word_1_150' title='bbox 710 383 734 399; x_wconf 86' lang='lat' dir='ltr'><strong>u.</strong></span> <span class='ocrx_word' id='word_1_151' title='bbox 755 382 797 408; x_wconf 84' lang='lat' dir='ltr'><strong>cg.</strong></span> 
     </span>
    </p>
   </div>
   <div class='ocr_carea' id='block_1_23' title="bbox 496 416 1182 451">
    <p class='ocr_par' dir='ltr' id='par_1_24' title="bbox 496 416 1182 451">
     <span class='ocr_line' id='line_1_76' title="bbox 496 416 1182 451; baseline 0.003 -9"><span class='ocrx_word' id='word_1_152' title='bbox 496 416 644 443; x_wconf 82' lang='lat' dir='ltr'><strong>Haiuricus</strong></span> <span class='ocrx_word' id='word_1_153' title='bbox 663 426 698 442; x_wconf 84' lang='lat' dir='ltr'><strong>m.</strong></span> <span class='ocrx_word' id='word_1_154' title='bbox 718 426 744 443; x_wconf 91' lang='lat' dir='ltr'><strong>n.</strong></span> <span class='ocrx_word' id='word_1_155' title='bbox 764 426 806 451; x_wconf 83' lang='lat' dir='ltr'><strong>cg.</strong></span> <span class='ocrx_word' id='word_1_156' title='bbox 844 417 1000 451; x_wconf 79' lang='lat' dir='ltr'><strong>Leopoldus</strong></span> <span class='ocrx_word' id='word_1_157' title='bbox 1021 418 1079 451; x_wconf 70' lang='lat' dir='ltr'><strong>pbr.</strong></span> <span class='ocrx_word' id='word_1_158' title='bbox 1099 420 1127 444; x_wconf 71' lang='lat' dir='ltr'><strong>et</strong></span> <span class='ocrx_word' id='word_1_159' title='bbox 1147 428 1182 444; x_wconf 88' lang='lat' dir='ltr'><strong>m.</strong></span> 
     </span>
    </p>
   </div>
   <div class='ocr_carea' id='block_1_24' title="bbox 494 459 999 580">
    <p class='ocr_par' dir='ltr' id='par_1_25' title="bbox 494 459 999 580">
     <span class='ocr_line' id='line_1_77' title="bbox 496 459 797 493; baseline 0.003 -8"><span class='ocrx_word' id='word_1_160' title='bbox 496 459 642 493; x_wconf 77' lang='lat' dir='ltr'>Hadwigis</span> <span class='ocrx_word' id='word_1_161' title='bbox 661 460 797 486; x_wconf 76' lang='lat' dir='ltr'><strong>monialis.</strong></span> 
     </span>
     <span class='ocr_line' id='line_1_78' title="bbox 498 502 861 536; baseline 0.006 -8"><span class='ocrx_word' id='word_1_162' title='bbox 498 502 681 529; x_wconf 78' lang='lat' dir='ltr'>Willihaldus</span> <span class='ocrx_word' id='word_1_163' title='bbox 701 504 760 536; x_wconf 90' lang='lat' dir='ltr'><strong>pbr.</strong></span> <span class='ocrx_word' id='word_1_164' title='bbox 779 506 807 530; x_wconf 74' lang='lat' dir='ltr'><strong>et</strong></span> <span class='ocrx_word' id='word_1_165' title='bbox 827 513 861 530; x_wconf 85' lang='lat' dir='ltr'><strong>m.</strong></span> 
     </span>
     <span class='ocr_line' id='line_1_79' title="bbox 494 545 999 580; baseline 0.004 -9"><span class='ocrx_word' id='word_1_166' title='bbox 494 545 643 576; x_wconf 80' lang='lat' dir='ltr'><strong>Conradus,</strong></span> <span class='ocrx_word' id='word_1_167' title='bbox 663 546 811 572; x_wconf 82' lang='lat' dir='ltr'><strong>Hainricus</strong></span> <span class='ocrx_word' id='word_1_168' title='bbox 830 547 888 580; x_wconf 85' lang='lat' dir='ltr'><strong>pbi.</strong></span> <span class='ocrx_word' id='word_1_169' title='bbox 908 549 936 573; x_wconf 78' lang='lat' dir='ltr'><strong>et</strong></span> <span class='ocrx_word' id='word_1_170' title='bbox 955 547 999 573; x_wconf 86' lang='lat' dir='ltr'><strong>mi.</strong></span> 
     </span>
    </p>
   </div>
   <div class='ocr_carea' id='block_1_25' title="bbox 1780 157 1841 187">
    <p class='ocr_par' dir='ltr' id='par_1_26' title="bbox 1780 157 1841 187">
     <span class='ocr_line' id='line_1_80' title="bbox 1780 157 1841 187; baseline -0.016 0"><span class='ocrx_word' id='word_1_171' title='bbox 1780 157 1841 187; x_wconf 76' lang='lat'><strong>357</strong></span> 
     </span>
    </p>
   </div>
   <div class='ocr_carea' id='block_1_26' title="bbox 497 588 1837 626">
    <p class='ocr_par' dir='ltr' id='par_1_27' title="bbox 497 588 1837 626">
     <span class='ocr_line' id='line_1_81' title="bbox 497 588 1837 626; baseline 0.004 -13"><span class='ocrx_word' id='word_1_172' title='bbox 497 588 666 615; x_wconf 70' lang='lat' dir='ltr'><strong>W&#39;ernherus</strong></span> <span class='ocrx_word' id='word_1_173' title='bbox 692 589 755 615; x_wconf 82' lang='lat' dir='ltr'><strong>abb.</strong></span> <span class='ocrx_word' id='word_1_174' title='bbox 792 589 952 616; x_wconf 83' lang='lat' dir='ltr'><strong>Burkardus</strong></span> <span class='ocrx_word' id='word_1_175' title='bbox 979 599 1014 616; x_wconf 86' lang='lat' dir='ltr'><strong>m.</strong></span> <span class='ocrx_word' id='word_1_176' title='bbox 1040 600 1066 616; x_wconf 87' lang='lat' dir='ltr'><strong>n.</strong></span> <span class='ocrx_word' id='word_1_177' title='bbox 1091 599 1133 624; x_wconf 83' lang='lat' dir='ltr'><strong>cg.</strong></span> <span class='ocrx_word' id='word_1_178' title='bbox 1170 590 1358 625; x_wconf 58' lang='lat' dir='ltr'><strong>XVolsgangus</strong></span> <span class='ocrx_word' id='word_1_179' title='bbox 1384 591 1444 624; x_wconf 81' lang='lat' dir='ltr'><strong>pbr.</strong></span> <span class='ocrx_word' id='word_1_180' title='bbox 1472 593 1500 617; x_wconf 72' lang='lat' dir='ltr'><strong>et</strong></span> <span class='ocrx_word' id='word_1_181' title='bbox 1525 600 1560 618; x_wconf 87' lang='lat' dir='ltr'><strong>m.</strong></span> <span class='ocrx_word' id='word_1_182' title='bbox 1597 591 1738 618; x_wconf 78' lang='lat' dir='ltr'><strong>Conradus</strong></span> <span class='ocrx_word' id='word_1_183' title='bbox 1762 592 1837 626; x_wconf 85' lang='lat' dir='ltr'><strong>prior</strong></span> 
     </span>
    </p>
   </div>
   <div class='ocr_carea' id='block_1_27' title="bbox 491 631 989 752">
    <p class='ocr_par' dir='ltr' id='par_1_28' title="bbox 491 631 989 752">
     <span class='ocr_line' id='line_1_82' title="bbox 544 631 859 658; baseline 0.003 -1"><span class='ocrx_word' id='word_1_184' title='bbox 544 631 580 657; x_wconf 79' lang='lat' dir='ltr'><strong>ad</strong></span> <span class='ocrx_word' id='word_1_185' title='bbox 600 632 625 657; x_wconf 82' lang='lat' dir='ltr'><strong>S.</strong></span> <span class='ocrx_word' id='word_1_186' title='bbox 645 631 859 658; x_wconf 80' lang='lat' dir='ltr'><strong>Emmeramum.</strong></span> 
     </span>
     <span class='ocr_line' id='line_1_83' title="bbox 491 674 688 700; baseline 0 0"><span class='ocrx_word' id='word_1_187' title='bbox 491 674 628 700; x_wconf 76' lang='lat' dir='ltr'><strong>Arnoldus</strong></span> <span class='ocrx_word' id='word_1_188' title='bbox 647 684 688 700; x_wconf 83' lang='lat' dir='ltr'><strong>cv.</strong></span> 
     </span>
     <span class='ocr_line' id='line_1_84' title="bbox 492 717 989 752; baseline 0.004 -10"><span class='ocrx_word' id='word_1_189' title='bbox 492 717 633 745; x_wconf 64' lang='lat' dir='ltr'><strong>Rimboto.</strong></span> <span class='ocrx_word' id='word_1_190' title='bbox 654 717 801 744; x_wconf 79' lang='lat' dir='ltr'><strong>Udalricus</strong></span> <span class='ocrx_word' id='word_1_191' title='bbox 821 718 876 752; x_wconf 69' lang='lat' dir='ltr'><strong>pbi.</strong></span> <span class='ocrx_word' id='word_1_192' title='bbox 897 721 925 745; x_wconf 81' lang='lat' dir='ltr'><strong>et</strong></span> <span class='ocrx_word' id='word_1_193' title='bbox 945 719 989 744; x_wconf 66' lang='lat' dir='ltr'><strong>mi,</strong></span> 
     </span>
    </p>
   </div>
   <div class='ocr_carea' id='block_1_28' title="bbox 495 760 757 830">
    <p class='ocr_par' dir='ltr' id='par_1_29' title="bbox 495 760 757 830">
     <span class='ocr_line' id='line_1_85' title="bbox 496 760 757 793; baseline 0.004 -7"><span class='ocrx_word' id='word_1_194' title='bbox 496 760 650 787; x_wconf 80' lang='lat' dir='ltr'>Balduinus</span> <span class='ocrx_word' id='word_1_195' title='bbox 670 761 757 793; x_wconf 81' lang='lat' dir='ltr'><strong>abb.2)</strong></span> 
     </span>
     <span class='ocr_line' id='line_1_86' title="bbox 495 803 725 830; baseline 0 -1"><span class='ocrx_word' id='word_1_196' title='bbox 495 803 635 830; x_wconf 75' lang='lat' dir='ltr'><strong>Conradus</strong></span> <span class='ocrx_word' id='word_1_197' title='bbox 655 803 725 829; x_wconf 82' lang='lat' dir='ltr'><strong>diac.</strong></span> 
     </span>
    </p>
   </div>
   <div class='ocr_carea' id='block_1_29' title="bbox 493 846 1472 882">
    <p class='ocr_par' dir='ltr' id='par_1_30' title="bbox 493 846 1472 882">
     <span class='ocr_line' id='line_1_87' title="bbox 493 846 1472 882; baseline 0.002 -10"><span class='ocrx_word' id='word_1_198' title='bbox 493 846 634 872; x_wconf 77' lang='lat' dir='ltr'><strong>Conradus</strong></span> <span class='ocrx_word' id='word_1_199' title='bbox 653 856 687 872; x_wconf 85' lang='lat'><strong>111.</strong></span> <span class='ocrx_word' id='word_1_200' title='bbox 707 856 732 872; x_wconf 89' lang='lat' dir='ltr'><strong>n.</strong></span> <span class='ocrx_word' id='word_1_201' title='bbox 752 856 794 881; x_wconf 77' lang='lat' dir='ltr'><strong>eg.</strong></span> <span class='ocrx_word' id='word_1_202' title='bbox 832 847 986 873; x_wconf 73' lang='lat' dir='ltr'><strong>Fridericus</strong></span> <span class='ocrx_word' id='word_1_203' title='bbox 1005 848 1068 873; x_wconf 74' lang='lat' dir='ltr'><strong>abb.</strong></span> <span class='ocrx_word' id='word_1_204' title='bbox 1108 848 1291 882; x_wconf 71' lang='lat' dir='ltr'>wolfgangus</span> <span class='ocrx_word' id='word_1_205' title='bbox 1311 849 1370 882; x_wconf 88' lang='lat' dir='ltr'><strong>pbr.</strong></span> <span class='ocrx_word' id='word_1_206' title='bbox 1391 851 1417 874; x_wconf 72' lang='lat' dir='ltr'><strong>et</strong></span> <span class='ocrx_word' id='word_1_207' title='bbox 1439 858 1472 874; x_wconf 84' lang='lat' dir='ltr'><strong>m.</strong></span> 
     </span>
    </p>
   </div>
   <div class='ocr_carea' id='block_1_30' title="bbox 491 889 1038 1053">
    <p class='ocr_par' dir='ltr' id='par_1_31' title="bbox 494 889 819 923">
     <span class='ocr_line' id='line_1_88' title="bbox 494 889 819 923; baseline 0 -8"><span class='ocrx_word' id='word_1_208' title='bbox 494 889 639 915; x_wconf 80' lang='lat' dir='ltr'><strong>Heinrieus</strong></span> <span class='ocrx_word' id='word_1_209' title='bbox 658 890 718 923; x_wconf 86' lang='lat' dir='ltr'><strong>pbr.</strong></span> <span class='ocrx_word' id='word_1_210' title='bbox 738 892 766 916; x_wconf 76' lang='lat' dir='ltr'><strong>et</strong></span> <span class='ocrx_word' id='word_1_211' title='bbox 784 899 819 916; x_wconf 89' lang='lat' dir='ltr'><strong>m.</strong></span> 
     </span>
    </p>

    <p class='ocr_par' dir='ltr' id='par_1_32' title="bbox 494 932 809 967">
     <span class='ocr_line' id='line_1_89' title="bbox 494 932 809 967; baseline 0.003 -9"><span class='ocrx_word' id='word_1_212' title='bbox 494 932 647 959; x_wconf 80' lang='lat' dir='ltr'><strong>Reinherus</strong></span> <span class='ocrx_word' id='word_1_213' title='bbox 666 942 701 959; x_wconf 89' lang='lat' dir='ltr'><strong>m.</strong></span> <span class='ocrx_word' id='word_1_214' title='bbox 721 942 747 959; x_wconf 91' lang='lat' dir='ltr'><strong>n.</strong></span> <span class='ocrx_word' id='word_1_215' title='bbox 768 942 809 967; x_wconf 76' lang='lat' dir='ltr'><strong>cg.</strong></span> 
     </span>
    </p>

    <p class='ocr_par' dir='ltr' id='par_1_33' title="bbox 491 976 761 1002">
     <span class='ocr_line' id='line_1_90' title="bbox 491 976 761 1002; baseline 0 -1"><span class='ocrx_word' id='word_1_216' title='bbox 491 976 679 1002; x_wconf 71' lang='lat' dir='ltr'><strong>Hartmannus</strong></span> <span class='ocrx_word' id='word_1_217' title='bbox 699 976 761 1002; x_wconf 77' lang='lat' dir='ltr'><strong>abb.</strong></span> 
     </span>
    </p>

    <p class='ocr_par' dir='ltr' id='par_1_34' title="bbox 491 1019 1038 1053">
     <span class='ocr_line' id='line_1_91' title="bbox 491 1019 1038 1053; baseline 0 -8"><span class='ocrx_word' id='word_1_218' title='bbox 491 1019 632 1052; x_wconf 71' lang='lat' dir='ltr'><strong>Seyfridus</strong></span> <span class='ocrx_word' id='word_1_219' title='bbox 650 1029 685 1045; x_wconf 84' lang='lat' dir='ltr'><strong>m.</strong></span> <span class='ocrx_word' id='word_1_220' title='bbox 706 1029 730 1045; x_wconf 86' lang='lat'><strong>11.</strong></span> <span class='ocrx_word' id='word_1_221' title='bbox 751 1028 792 1053; x_wconf 78' lang='lat' dir='ltr'><strong>cg.</strong></span> <span class='ocrx_word' id='word_1_222' title='bbox 832 1019 978 1046; x_wconf 75' lang='lat' dir='ltr'><strong>Udalricus</strong></span> <span class='ocrx_word' id='word_1_223' title='bbox 997 1028 1038 1045; x_wconf 79' lang='lat' dir='ltr'><strong>cv.</strong></span> 
     </span>
    </p>
   </div>
   <div class='ocr_carea' id='block_1_31' title="bbox 492 1062 1255 1097">
    <p class='ocr_par' dir='ltr' id='par_1_35' title="bbox 492 1062 1255 1097">
     <span class='ocr_line' id='line_1_92' title="bbox 492 1062 1255 1097; baseline 0 -9"><span class='ocrx_word' id='word_1_224' title='bbox 492 1062 640 1088; x_wconf 79' lang='lat' dir='ltr'><strong>Udalricus</strong></span> <span class='ocrx_word' id='word_1_225' title='bbox 659 1062 722 1088; x_wconf 79' lang='lat' dir='ltr'><strong>abb.</strong></span> <span class='ocrx_word' id='word_1_226' title='bbox 742 1071 767 1087; x_wconf 92' lang='lat' dir='ltr'><strong>n.</strong></span> <span class='ocrx_word' id='word_1_227' title='bbox 789 1064 854 1097; x_wconf 51' lang='lat' dir='ltr'><strong>cgfl)</strong></span> <span class='ocrx_word' id='word_1_228' title='bbox 887 1062 1073 1097; x_wconf 61' lang='lat' dir='ltr'><strong>IVolfgangus</strong></span> <span class='ocrx_word' id='word_1_229' title='bbox 1094 1062 1152 1096; x_wconf 84' lang='lat' dir='ltr'><strong>pbr.</strong></span> <span class='ocrx_word' id='word_1_230' title='bbox 1173 1066 1201 1089; x_wconf 77' lang='lat' dir='ltr'><strong>et</strong></span> <span class='ocrx_word' id='word_1_231' title='bbox 1221 1072 1255 1088; x_wconf 79' lang='lat'><strong>111.</strong></span> 
     </span>
    </p>
   </div>
   <div class='ocr_carea' id='block_1_32' title="bbox 876 1160 1141 1195">
    <p class='ocr_par' dir='ltr' id='par_1_36' title="bbox 876 1160 1141 1195">
     <span class='ocr_line' id='line_1_93' title="bbox 876 1160 1141 1195; baseline 0 0"><span class='ocrx_word' id='word_1_232' title='bbox 876 1160 1141 1195; x_wconf 73' lang='lat' dir='ltr'><strong>DECEMBER.</strong></span> 
     </span>
    </p>
   </div>
   <div class='ocr_carea' id='block_1_33' title="bbox 391 1225 1248 1732">
    <p class='ocr_par' dir='ltr' id='par_1_37' title="bbox 412 1225 1248 1302">
     <span class='ocr_line' id='line_1_94' title="bbox 415 1225 1248 1260; baseline 0 -9"><span class='ocrx_word' id='word_1_233' title='bbox 415 1227 427 1251; x_wconf 90' lang='lat'><strong>1</strong></span> <span class='ocrx_word' id='word_1_234' title='bbox 494 1225 669 1252; x_wconf 64' lang='lat' dir='ltr'><strong>Eberhardus</strong></span> <span class='ocrx_word' id='word_1_235' title='bbox 694 1233 750 1258; x_wconf 74' lang='lat' dir='ltr'><strong>eps.</strong></span> <span class='ocrx_word' id='word_1_236' title='bbox 782 1225 922 1258; x_wconf 77' lang='lat' dir='ltr'><strong>Rupertus</strong></span> <span class='ocrx_word' id='word_1_237' title='bbox 942 1234 977 1251; x_wconf 87' lang='lat' dir='ltr'><strong>m.</strong></span> <span class='ocrx_word' id='word_1_238' title='bbox 1015 1225 1193 1260; x_wconf 72' lang='lat' dir='ltr'>Cunegundis</span> <span class='ocrx_word' id='word_1_239' title='bbox 1213 1227 1248 1252; x_wconf 69' lang='lat' dir='ltr'><strong>lu.</strong></span> 
     </span>
     <span class='ocr_line' id='line_1_95' title="bbox 412 1267 841 1302; baseline -0.005 -7"><span class='ocrx_word' id='word_1_240' title='bbox 412 1269 435 1295; x_wconf 87' lang='lat'><strong>2.</strong></span> <span class='ocrx_word' id='word_1_241' title='bbox 492 1267 648 1294; x_wconf 81' lang='lat' dir='ltr'><strong>Fridericus</strong></span> <span class='ocrx_word' id='word_1_242' title='bbox 670 1267 734 1294; x_wconf 78' lang='lat' dir='ltr'><strong>abb.</strong></span> <span class='ocrx_word' id='word_1_243' title='bbox 754 1277 779 1293; x_wconf 91' lang='lat' dir='ltr'><strong>n.</strong></span> <span class='ocrx_word' id='word_1_244' title='bbox 800 1277 841 1302; x_wconf 77' lang='lat' dir='ltr'><strong>cg.</strong></span> 
     </span>
    </p>

    <p class='ocr_par' dir='ltr' id='par_1_38' title="bbox 411 1311 1117 1388">
     <span class='ocr_line' id='line_1_96' title="bbox 411 1311 1117 1346; baseline 0 -9"><span class='ocrx_word' id='word_1_245' title='bbox 411 1312 436 1338; x_wconf 84' lang='lat'><strong>3.</strong></span> <span class='ocrx_word' id='word_1_246' title='bbox 490 1311 677 1346; x_wconf 81' lang='lat' dir='ltr'>Wolfgangus</span> <span class='ocrx_word' id='word_1_247' title='bbox 696 1311 756 1344; x_wconf 93' lang='lat' dir='ltr'><strong>pbr.</strong></span> <span class='ocrx_word' id='word_1_248' title='bbox 777 1312 805 1337; x_wconf 79' lang='lat' dir='ltr'><strong>et</strong></span> <span class='ocrx_word' id='word_1_249' title='bbox 824 1320 858 1337; x_wconf 85' lang='lat' dir='ltr'><strong>m.</strong></span> <span class='ocrx_word' id='word_1_250' title='bbox 897 1311 1082 1345; x_wconf 77' lang='lat' dir='ltr'>wolfgangus</span> <span class='ocrx_word' id='word_1_251' title='bbox 1102 1311 1117 1337; x_wconf 93' lang='lat' dir='ltr'><strong>l.</strong></span> 
     </span>
     <span class='ocr_line' id='line_1_97' title="bbox 411 1354 1060 1388; baseline 0 -8"><span class='ocrx_word' id='word_1_252' title='bbox 411 1356 435 1380; x_wconf 84' lang='lat'><strong>4.</strong></span> <span class='ocrx_word' id='word_1_253' title='bbox 490 1354 637 1380; x_wconf 78' lang='lat' dir='ltr'>Haim-icus</span> <span class='ocrx_word' id='word_1_254' title='bbox 659 1363 693 1379; x_wconf 90' lang='lat' dir='ltr'><strong>m.</strong></span> <span class='ocrx_word' id='word_1_255' title='bbox 731 1354 879 1380; x_wconf 72' lang='lat' dir='ltr'><strong>Udalricus</strong></span> <span class='ocrx_word' id='word_1_256' title='bbox 899 1355 958 1388; x_wconf 86' lang='lat' dir='ltr'><strong>pbr.</strong></span> <span class='ocrx_word' id='word_1_257' title='bbox 978 1357 1007 1381; x_wconf 75' lang='lat' dir='ltr'><strong>et-</strong></span> <span class='ocrx_word' id='word_1_258' title='bbox 1026 1364 1060 1380; x_wconf 84' lang='lat' dir='ltr'><strong>m.</strong></span> 
     </span>
    </p>

    <p class='ocr_par' dir='ltr' id='par_1_39' title="bbox 409 1397 810 1431">
     <span class='ocr_line' id='line_1_98' title="bbox 409 1397 810 1431; baseline -0.002 -8"><span class='ocrx_word' id='word_1_259' title='bbox 409 1399 433 1424; x_wconf 86' lang='lat'><strong>5.</strong></span> <span class='ocrx_word' id='word_1_260' title='bbox 488 1397 620 1423; x_wconf 73' lang='lat' dir='ltr'><strong>Albertus</strong></span> <span class='ocrx_word' id='word_1_261' title='bbox 640 1397 704 1423; x_wconf 67' lang='lat' dir='ltr'><strong>abb.</strong></span> <span class='ocrx_word' id='word_1_262' title='bbox 723 1406 748 1422; x_wconf 91' lang='lat' dir='ltr'><strong>n.</strong></span> <span class='ocrx_word' id='word_1_263' title='bbox 769 1406 810 1431; x_wconf 78' lang='lat' dir='ltr'><strong>cg.</strong></span> 
     </span>
    </p>

    <p class='ocr_par' dir='ltr' id='par_1_40' title="bbox 410 1439 1009 1474">
     <span class='ocr_line' id='line_1_99' title="bbox 410 1439 1009 1474; baseline -0.002 -8"><span class='ocrx_word' id='word_1_264' title='bbox 410 1441 434 1467; x_wconf 88' lang='lat'><strong>6.</strong></span> <span class='ocrx_word' id='word_1_265' title='bbox 490 1440 629 1469; x_wconf 79' lang='lat' dir='ltr'><strong>Albertus,</strong></span> <span class='ocrx_word' id='word_1_266' title='bbox 652 1439 819 1466; x_wconf 59' lang='lat' dir='ltr'><strong>WVilhehuus</strong></span> <span class='ocrx_word' id='word_1_267' title='bbox 839 1439 896 1474; x_wconf 81' lang='lat' dir='ltr'><strong>pbi.</strong></span> <span class='ocrx_word' id='word_1_268' title='bbox 917 1443 943 1466; x_wconf 81' lang='lat' dir='ltr'><strong>et</strong></span> <span class='ocrx_word' id='word_1_269' title='bbox 963 1440 1009 1465; x_wconf 82' lang='lat' dir='ltr'><strong>mi.</strong></span> 
     </span>
    </p>

    <p class='ocr_par' dir='ltr' id='par_1_41' title="bbox 409 1483 814 1516">
     <span class='ocr_line' id='line_1_100' title="bbox 409 1483 814 1516; baseline -0.005 -6"><span class='ocrx_word' id='word_1_270' title='bbox 409 1484 432 1510; x_wconf 72' lang='grc'><strong>7,</strong></span> <span class='ocrx_word' id='word_1_271' title='bbox 487 1483 634 1510; x_wconf 77' lang='lat' dir='ltr'><strong>Udalricus</strong></span> <span class='ocrx_word' id='word_1_272' title='bbox 654 1483 713 1516; x_wconf 88' lang='lat' dir='ltr'><strong>pbr.</strong></span> <span class='ocrx_word' id='word_1_273' title='bbox 733 1485 761 1509; x_wconf 82' lang='lat' dir='ltr'><strong>et</strong></span> <span class='ocrx_word' id='word_1_274' title='bbox 780 1492 814 1508; x_wconf 88' lang='lat' dir='ltr'><strong>m.</strong></span> 
     </span>
    </p>

    <p class='ocr_par' dir='ltr' id='par_1_42' title="bbox 406 1526 633 1553">
     <span class='ocr_line' id='line_1_101' title="bbox 406 1526 633 1553; baseline 0 -1"><span class='ocrx_word' id='word_1_275' title='bbox 406 1526 429 1552; x_wconf 79' lang='lat' dir='ltr'><strong>S.</strong></span> <span class='ocrx_word' id='word_1_276' title='bbox 484 1526 551 1552; x_wconf 78' lang='lat' dir='ltr'><strong>Otto</strong></span> <span class='ocrx_word' id='word_1_277' title='bbox 570 1526 633 1553; x_wconf 84' lang='lat' dir='ltr'><strong>abb.</strong></span> 
     </span>
    </p>

    <p class='ocr_par' dir='ltr' id='par_1_43' title="bbox 406 1569 802 1603">
     <span class='ocr_line' id='line_1_102' title="bbox 406 1569 802 1603; baseline -0.003 -8"><span class='ocrx_word' id='word_1_278' title='bbox 406 1570 430 1595; x_wconf 82' lang='lat'><strong>9.</strong></span> <span class='ocrx_word' id='word_1_279' title='bbox 485 1569 640 1603; x_wconf 81' lang='lat' dir='ltr'><strong>Leopoldus</strong></span> <span class='ocrx_word' id='word_1_280' title='bbox 659 1578 694 1594; x_wconf 88' lang='lat' dir='ltr'><strong>m.</strong></span> <span class='ocrx_word' id='word_1_281' title='bbox 714 1578 739 1594; x_wconf 86' lang='lat' dir='ltr'><strong>n.</strong></span> <span class='ocrx_word' id='word_1_282' title='bbox 759 1578 802 1603; x_wconf 80' lang='lat' dir='ltr'><strong>cg.</strong></span> 
     </span>
    </p>

    <p class='ocr_par' dir='ltr' id='par_1_44' title="bbox 394 1612 1055 1646">
     <span class='ocr_line' id='line_1_103' title="bbox 394 1612 1055 1646; baseline -0.002 -8"><span class='ocrx_word' id='word_1_283' title='bbox 394 1613 433 1639; x_wconf 88' lang='lat'><strong>10.</strong></span> <span class='ocrx_word' id='word_1_284' title='bbox 488 1612 644 1638; x_wconf 71' lang='lat' dir='ltr'><strong>Fridericus</strong></span> <span class='ocrx_word' id='word_1_285' title='bbox 663 1613 722 1646; x_wconf 89' lang='lat' dir='ltr'><strong>pbr.</strong></span> <span class='ocrx_word' id='word_1_286' title='bbox 743 1614 771 1638; x_wconf 73' lang='lat' dir='ltr'><strong>et</strong></span> <span class='ocrx_word' id='word_1_287' title='bbox 790 1621 825 1638; x_wconf 82' lang='lat' dir='ltr'><strong>m.</strong></span> <span class='ocrx_word' id='word_1_288' title='bbox 845 1612 878 1638; x_wconf 86' lang='lat' dir='ltr'><strong>de</strong></span> <span class='ocrx_word' id='word_1_289' title='bbox 892 1612 1055 1645; x_wconf 76' lang='lat' dir='ltr'><strong>VVindberg.</strong></span> 
     </span>
    </p>

    <p class='ocr_par' dir='ltr' id='par_1_45' title="bbox 391 1655 1114 1732">
     <span class='ocr_line' id='line_1_104' title="bbox 393 1655 792 1687; baseline 0 -6"><span class='ocrx_word' id='word_1_290' title='bbox 393 1656 432 1681; x_wconf 87' lang='lat'><strong>12.</strong></span> <span class='ocrx_word' id='word_1_291' title='bbox 489 1655 633 1682; x_wconf 77' lang='lat' dir='ltr'><strong>Heinricus</strong></span> <span class='ocrx_word' id='word_1_292' title='bbox 653 1664 686 1681; x_wconf 86' lang='lat' dir='ltr'><strong>m.</strong></span> <span class='ocrx_word' id='word_1_293' title='bbox 707 1664 730 1681; x_wconf 87' lang='lat' dir='ltr'><strong>u.</strong></span> <span class='ocrx_word' id='word_1_294' title='bbox 751 1664 792 1687; x_wconf 70' lang='lat' dir='ltr'><strong>cg.</strong></span> 
     </span>
     <span class='ocr_line' id='line_1_105' title="bbox 391 1698 1114 1732; baseline 0 -7"><span class='ocrx_word' id='word_1_295' title='bbox 391 1699 432 1725; x_wconf 78' lang='lat'><strong>13.</strong></span> <span class='ocrx_word' id='word_1_296' title='bbox 486 1698 633 1724; x_wconf 77' lang='lat' dir='ltr'><strong>Heinricus</strong></span> <span class='ocrx_word' id='word_1_297' title='bbox 652 1707 687 1724; x_wconf 89' lang='lat' dir='ltr'><strong>m.</strong></span> <span class='ocrx_word' id='word_1_298' title='bbox 707 1707 732 1724; x_wconf 84' lang='lat' dir='ltr'><strong>n.</strong></span> <span class='ocrx_word' id='word_1_299' title='bbox 752 1707 794 1732; x_wconf 80' lang='lat' dir='ltr'><strong>cg.</strong></span> <span class='ocrx_word' id='word_1_300' title='bbox 831 1698 988 1724; x_wconf 64' lang='lat' dir='ltr'><strong>Bernardus</strong></span> <span class='ocrx_word' id='word_1_301' title='bbox 1007 1698 1066 1731; x_wconf 85' lang='lat' dir='ltr'><strong>pbr.</strong></span> <span class='ocrx_word' id='word_1_302' title='bbox 1087 1701 1114 1725; x_wconf 76' lang='lat' dir='ltr'><strong>et</strong></span> 
     </span>
    </p>
   </div>
   <div class='ocr_carea' id='block_1_34' title="bbox 392 1742 432 1854">
    <p class='ocr_par' dir='ltr' id='par_1_46' title="bbox 392 1742 432 1854">
     <span class='ocr_line' id='line_1_106' title="bbox 393 1742 432 1768; baseline -0.026 0"><span class='ocrx_word' id='word_1_303' title='bbox 393 1742 432 1768; x_wconf 88' lang='lat'><strong>15.</strong></span> 
     </span>
     <span class='ocr_line' id='line_1_107' title="bbox 392 1785 432 1811; baseline 0 -1"><span class='ocrx_word' id='word_1_304' title='bbox 392 1785 432 1811; x_wconf 85' lang='lat'><strong>16.</strong></span> 
     </span>
     <span class='ocr_line' id='line_1_108' title="bbox 392 1828 432 1854; baseline 0.025 -1"><span class='ocrx_word' id='word_1_305' title='bbox 392 1828 432 1854; x_wconf 83' lang='lat'><strong>17.</strong></span> 
     </span>
    </p>
   </div>
   <div class='ocr_carea' id='block_1_35' title="bbox 387 1871 431 2069">
    <p class='ocr_par' dir='ltr' id='par_1_47' title="bbox 387 1871 431 2069">
     <span class='ocr_line' id='line_1_109' title="bbox 391 1871 431 1897; baseline 0.025 -1"><span class='ocrx_word' id='word_1_306' title='bbox 391 1871 431 1897; x_wconf 78' lang='lat'><strong>18.</strong></span> 
     </span>
     <span class='ocr_line' id='line_1_110' title="bbox 390 1915 429 1940; baseline 0 0"><span class='ocrx_word' id='word_1_307' title='bbox 390 1915 429 1940; x_wconf 84' lang='lat'><strong>19.</strong></span> 
     </span>
     <span class='ocr_line' id='line_1_111' title="bbox 389 1958 430 1983; baseline 0.024 -1"><span class='ocrx_word' id='word_1_308' title='bbox 389 1958 430 1983; x_wconf 83' lang='lat'><strong>20.</strong></span> 
     </span>
     <span class='ocr_line' id='line_1_112' title="bbox 387 2001 429 2026; baseline 0 0"><span class='ocrx_word' id='word_1_309' title='bbox 387 2001 429 2026; x_wconf 86' lang='lat'><strong>21.</strong></span> 
     </span>
     <span class='ocr_line' id='line_1_113' title="bbox 387 2044 427 2069; baseline -0.025 0"><span class='ocrx_word' id='word_1_310' title='bbox 387 2044 427 2069; x_wconf 69' lang='lat'><strong>22.</strong></span> 
     </span>
    </p>
   </div>
   <div class='ocr_carea' id='block_1_36' title="bbox 389 2087 430 2112">
    <p class='ocr_par' dir='ltr' id='par_1_48' title="bbox 389 2087 430 2112">
     <span class='ocr_line' id='line_1_114' title="bbox 389 2087 430 2112; baseline 0 0"><span class='ocrx_word' id='word_1_311' title='bbox 389 2087 430 2112; x_wconf 70' lang='lat'><strong>23.</strong></span> 
     </span>
    </p>
   </div>
   <div class='ocr_carea' id='block_1_37' title="bbox 387 2130 429 2285">
    <p class='ocr_par' dir='ltr' id='par_1_49' title="bbox 387 2130 429 2285">
     <span class='ocr_line' id='line_1_115' title="bbox 387 2130 429 2156; baseline 0 -1"><span class='ocrx_word' id='word_1_312' title='bbox 387 2130 429 2156; x_wconf 82' lang='lat'><strong>24.</strong></span> 
     </span>
     <span class='ocr_line' id='line_1_116' title="bbox 388 2173 429 2198; baseline 0 0"><span class='ocrx_word' id='word_1_313' title='bbox 388 2173 429 2198; x_wconf 79' lang='lat'><strong>25.</strong></span> 
     </span>
     <span class='ocr_line' id='line_1_117' title="bbox 389 2217 429 2242; baseline 0 0"><span class='ocrx_word' id='word_1_314' title='bbox 389 2217 429 2242; x_wconf 82' lang='lat'><strong>26.</strong></span> 
     </span>
     <span class='ocr_line' id='line_1_118' title="bbox 387 2260 419 2285; baseline 0 0"><span class='ocrx_word' id='word_1_315' title='bbox 387 2260 419 2285; x_wconf 81' lang='lat'><strong>27</strong></span> 
     </span>
    </p>
   </div>
   <div class='ocr_carea' id='block_1_38' title="bbox 387 2346 428 2414">
    <p class='ocr_par' dir='ltr' id='par_1_50' title="bbox 387 2346 428 2414">
     <span class='ocr_line' id='line_1_119' title="bbox 387 2346 426 2371; baseline -0.026 0"><span class='ocrx_word' id='word_1_316' title='bbox 387 2346 426 2371; x_wconf 68' lang='lat'><strong>29.</strong></span> 
     </span>
     <span class='ocr_line' id='line_1_120' title="bbox 387 2388 428 2414; baseline 0 0"><span class='ocrx_word' id='word_1_317' title='bbox 387 2388 428 2414; x_wconf 85' lang='lat'><strong>30.</strong></span> 
     </span>
    </p>
   </div>
   <div class='ocr_carea' id='block_1_39' title="bbox 388 2432 429 2457">
    <p class='ocr_par' dir='ltr' id='par_1_51' title="bbox 388 2432 429 2457">
     <span class='ocr_line' id='line_1_121' title="bbox 388 2432 429 2457; baseline 0 0"><span class='ocrx_word' id='word_1_318' title='bbox 388 2432 429 2457; x_wconf 86' lang='lat'><strong>31.</strong></span> 
     </span>
    </p>
   </div>
   <div class='ocr_carea' id='block_1_40' title="bbox 389 2280 429 2328">
    <p class='ocr_par' dir='ltr' id='par_1_52' title="bbox 389 2280 429 2328">
     <span class='ocr_line' id='line_1_122' title="bbox 389 2280 429 2328; baseline -0.025 0"><span class='ocrx_word' id='word_1_319' title='bbox 389 2280 429 2328; x_wconf 59' lang='lat'><strong>232</strong></span> 
     </span>
    </p>
   </div>
   <div class='ocr_carea' id='block_1_41' title="bbox 487 1741 812 1775">
    <p class='ocr_par' dir='ltr' id='par_1_53' title="bbox 487 1741 812 1775">
     <span class='ocr_line' id='line_1_123' title="bbox 487 1741 812 1775; baseline 0.003 -9"><span class='ocrx_word' id='word_1_320' title='bbox 487 1741 630 1767; x_wconf 81' lang='lat' dir='ltr'><strong>Conradus</strong></span> <span class='ocrx_word' id='word_1_321' title='bbox 650 1741 710 1775; x_wconf 87' lang='lat' dir='ltr'><strong>pbr.</strong></span> <span class='ocrx_word' id='word_1_322' title='bbox 730 1744 758 1767; x_wconf 82' lang='lat' dir='ltr'><strong>et</strong></span> <span class='ocrx_word' id='word_1_323' title='bbox 778 1750 812 1767; x_wconf 91' lang='lat' dir='ltr'><strong>m.</strong></span> 
     </span>
    </p>
   </div>
   <div class='ocr_carea' id='block_1_42' title="bbox 1134 1698 1439 1733">
    <p class='ocr_par' dir='ltr' id='par_1_54' title="bbox 1134 1698 1439 1733">
     <span class='ocr_line' id='line_1_124' title="bbox 1134 1698 1439 1733; baseline 0.003 -9"><span class='ocrx_word' id='word_1_324' title='bbox 1134 1708 1168 1724; x_wconf 85' lang='lat' dir='ltr'><strong>m.</strong></span> <span class='ocrx_word' id='word_1_325' title='bbox 1206 1698 1383 1733; x_wconf 73' lang='lat' dir='ltr'>Cunegundis</span> <span class='ocrx_word' id='word_1_326' title='bbox 1405 1700 1439 1726; x_wconf 64' lang='lat' dir='ltr'><strong>la.</strong></span> 
     </span>
    </p>
   </div>
   <div class='ocr_carea' id='block_1_43' title="bbox 483 1784 1588 1949">
    <p class='ocr_par' dir='ltr' id='par_1_55' title="bbox 487 1784 1157 1819">
     <span class='ocr_line' id='line_1_125' title="bbox 487 1784 1157 1819; baseline 0.003 -9"><span class='ocrx_word' id='word_1_327' title='bbox 487 1785 628 1810; x_wconf 74' lang='lat' dir='ltr'><strong>Conradus</strong></span> <span class='ocrx_word' id='word_1_328' title='bbox 648 1793 689 1810; x_wconf 80' lang='lat' dir='ltr'><strong>cv.</strong></span> <span class='ocrx_word' id='word_1_329' title='bbox 709 1794 734 1811; x_wconf 92' lang='lat' dir='ltr'><strong>n.</strong></span> <span class='ocrx_word' id='word_1_330' title='bbox 754 1793 796 1819; x_wconf 82' lang='lat' dir='ltr'><strong>cg.</strong></span> <span class='ocrx_word' id='word_1_331' title='bbox 835 1784 976 1811; x_wconf 79' lang='lat' dir='ltr'><strong>Conradus</strong></span> <span class='ocrx_word' id='word_1_332' title='bbox 996 1785 1057 1818; x_wconf 85' lang='lat' dir='ltr'><strong>pbr.</strong></span> <span class='ocrx_word' id='word_1_333' title='bbox 1077 1788 1103 1812; x_wconf 78' lang='lat' dir='ltr'><strong>et</strong></span> <span class='ocrx_word' id='word_1_334' title='bbox 1124 1795 1157 1812; x_wconf 84' lang='lat' dir='ltr'><strong>m.</strong></span> 
     </span>
    </p>

    <p class='ocr_par' dir='ltr' id='par_1_56' title="bbox 483 1827 1588 1949">
     <span class='ocr_line' id='line_1_126' title="bbox 486 1827 1588 1862; baseline 0.002 -9"><span class='ocrx_word' id='word_1_335' title='bbox 486 1828 578 1854; x_wconf 86' lang='lat' dir='ltr'><strong>Bruuo</strong></span> <span class='ocrx_word' id='word_1_336' title='bbox 597 1827 660 1854; x_wconf 79' lang='lat' dir='ltr'><strong>abb.</strong></span> <span class='ocrx_word' id='word_1_337' title='bbox 680 1837 705 1854; x_wconf 89' lang='lat' dir='ltr'><strong>n.</strong></span> <span class='ocrx_word' id='word_1_338' title='bbox 726 1837 766 1862; x_wconf 75' lang='lat' dir='ltr'><strong>cg.</strong></span> <span class='ocrx_word' id='word_1_339' title='bbox 804 1828 970 1857; x_wconf 72' lang='lat' dir='ltr'><strong>Guntherus,</strong></span> <span class='ocrx_word' id='word_1_340' title='bbox 992 1828 1177 1861; x_wconf 71' lang='lat' dir='ltr'>wolfgangus</span> <span class='ocrx_word' id='word_1_341' title='bbox 1197 1828 1254 1862; x_wconf 84' lang='lat' dir='ltr'><strong>pbi.</strong></span> <span class='ocrx_word' id='word_1_342' title='bbox 1274 1832 1301 1855; x_wconf 82' lang='lat' dir='ltr'><strong>et</strong></span> <span class='ocrx_word' id='word_1_343' title='bbox 1322 1828 1367 1855; x_wconf 83' lang='lat' dir='ltr'><strong>mi.</strong></span> <span class='ocrx_word' id='word_1_344' title='bbox 1406 1829 1552 1855; x_wconf 77' lang='lat' dir='ltr'>Haimieus</span> <span class='ocrx_word' id='word_1_345' title='bbox 1571 1829 1588 1855; x_wconf 80' lang='lat'><strong>1.</strong></span> 
     </span>
     <span class='ocr_line' id='line_1_127' title="bbox 485 1870 1455 1905; baseline 0.002 -9"><span class='ocrx_word' id='word_1_346' title='bbox 485 1871 672 1903; x_wconf 65' lang='lat' dir='ltr'>Reichwinus,</span> <span class='ocrx_word' id='word_1_347' title='bbox 692 1870 857 1901; x_wconf 75' lang='lat' dir='ltr'><strong>Gottfridus,</strong></span> <span class='ocrx_word' id='word_1_348' title='bbox 877 1871 1057 1902; x_wconf 72' lang='lat' dir='ltr'><strong>Liebhardus.</strong></span> <span class='ocrx_word' id='word_1_349' title='bbox 1078 1871 1266 1905; x_wconf 64' lang='lat' dir='ltr'>Wolfgangus</span> <span class='ocrx_word' id='word_1_350' title='bbox 1286 1871 1342 1905; x_wconf 86' lang='lat' dir='ltr'><strong>pbi.</strong></span> <span class='ocrx_word' id='word_1_351' title='bbox 1362 1874 1388 1898; x_wconf 77' lang='lat' dir='ltr'><strong>et</strong></span> <span class='ocrx_word' id='word_1_352' title='bbox 1409 1872 1455 1898; x_wconf 83' lang='lat' dir='ltr'><strong>mi.</strong></span> 
     </span>
     <span class='ocr_line' id='line_1_128' title="bbox 483 1914 1248 1949; baseline 0.001 -9"><span class='ocrx_word' id='word_1_353' title='bbox 483 1914 652 1940; x_wconf 71' lang='lat' dir='ltr'><strong>Wernherus</strong></span> <span class='ocrx_word' id='word_1_354' title='bbox 672 1914 736 1940; x_wconf 84' lang='lat' dir='ltr'><strong>abb.</strong></span> <span class='ocrx_word' id='word_1_355' title='bbox 756 1923 780 1940; x_wconf 85' lang='lat' dir='ltr'><strong>n.</strong></span> <span class='ocrx_word' id='word_1_356' title='bbox 801 1924 842 1949; x_wconf 82' lang='lat' dir='ltr'><strong>cg.</strong></span> <span class='ocrx_word' id='word_1_357' title='bbox 880 1914 1066 1949; x_wconf 79' lang='lat' dir='ltr'>wolfgangus</span> <span class='ocrx_word' id='word_1_358' title='bbox 1086 1915 1146 1948; x_wconf 88' lang='lat' dir='ltr'><strong>pbr.</strong></span> <span class='ocrx_word' id='word_1_359' title='bbox 1166 1918 1192 1941; x_wconf 82' lang='lat' dir='ltr'><strong>et</strong></span> <span class='ocrx_word' id='word_1_360' title='bbox 1213 1924 1248 1941; x_wconf 89' lang='lat' dir='ltr'><strong>m.</strong></span> 
     </span>
    </p>
   </div>
   <div class='ocr_carea' id='block_1_44' title="bbox 484 1957 1109 2120">
    <p class='ocr_par' dir='ltr' id='par_1_57' title="bbox 484 1957 1070 2077">
     <span class='ocr_line' id='line_1_129' title="bbox 486 1957 1070 1991; baseline 0 -8"><span class='ocrx_word' id='word_1_361' title='bbox 486 1957 627 1983; x_wconf 75' lang='lat' dir='ltr'><strong>Conradus</strong></span> <span class='ocrx_word' id='word_1_362' title='bbox 646 1957 706 1990; x_wconf 88' lang='lat' dir='ltr'><strong>pbr.</strong></span> <span class='ocrx_word' id='word_1_363' title='bbox 726 1959 755 1984; x_wconf 76' lang='lat' dir='ltr'><strong>et</strong></span> <span class='ocrx_word' id='word_1_364' title='bbox 774 1967 808 1983; x_wconf 88' lang='lat' dir='ltr'><strong>m.</strong></span> <span class='ocrx_word' id='word_1_365' title='bbox 849 1957 1033 1991; x_wconf 74' lang='lat' dir='ltr'>wolfgangus</span> <span class='ocrx_word' id='word_1_366' title='bbox 1052 1957 1070 1983; x_wconf 86' lang='lat'><strong>1.</strong></span> 
     </span>
     <span class='ocr_line' id='line_1_130' title="bbox 484 2000 1016 2034; baseline 0.002 -9"><span class='ocrx_word' id='word_1_367' title='bbox 484 2000 660 2031; x_wconf 81' lang='lat' dir='ltr'>Wilhelmus,</span> <span class='ocrx_word' id='word_1_368' title='bbox 680 2000 827 2026; x_wconf 77' lang='lat' dir='ltr'><strong>Udalrieus</strong></span> <span class='ocrx_word' id='word_1_369' title='bbox 846 2000 903 2034; x_wconf 85' lang='lat' dir='ltr'><strong>phi.</strong></span> <span class='ocrx_word' id='word_1_370' title='bbox 922 2003 950 2026; x_wconf 76' lang='lat' dir='ltr'><strong>et</strong></span> <span class='ocrx_word' id='word_1_371' title='bbox 970 2000 1016 2026; x_wconf 87' lang='lat' dir='ltr'><strong>mi.</strong></span> 
     </span>
     <span class='ocr_line' id='line_1_131' title="bbox 484 2043 820 2077; baseline 0.003 -9"><span class='ocrx_word' id='word_1_372' title='bbox 484 2043 659 2069; x_wconf 76' lang='lat' dir='ltr'><strong>Burchardus</strong></span> <span class='ocrx_word' id='word_1_373' title='bbox 677 2052 712 2069; x_wconf 86' lang='lat' dir='ltr'><strong>m.</strong></span> <span class='ocrx_word' id='word_1_374' title='bbox 732 2052 757 2068; x_wconf 67' lang='lat' dir='ltr'><strong>n.</strong></span> <span class='ocrx_word' id='word_1_375' title='bbox 778 2052 820 2077; x_wconf 82' lang='lat' dir='ltr'><strong>cg.</strong></span> 
     </span>
    </p>

    <p class='ocr_par' dir='ltr' id='par_1_58' title="bbox 486 2086 1109 2120">
     <span class='ocr_line' id='line_1_132' title="bbox 486 2086 1109 2120; baseline 0 -8"><span class='ocrx_word' id='word_1_376' title='bbox 486 2086 627 2112; x_wconf 71' lang='lat' dir='ltr'>Com-aelus</span> <span class='ocrx_word' id='word_1_377' title='bbox 645 2095 680 2112; x_wconf 81' lang='lat' dir='ltr'><strong>lu.</strong></span> <span class='ocrx_word' id='word_1_378' title='bbox 701 2096 726 2112; x_wconf 84' lang='lat' dir='ltr'><strong>n.</strong></span> <span class='ocrx_word' id='word_1_379' title='bbox 747 2096 789 2120; x_wconf 78' lang='lat' dir='ltr'><strong>cg.</strong></span> <span class='ocrx_word' id='word_1_380' title='bbox 826 2087 981 2113; x_wconf 83' lang='lat' dir='ltr'><strong>Bernardus</strong></span> <span class='ocrx_word' id='word_1_381' title='bbox 1001 2086 1060 2120; x_wconf 87' lang='lat' dir='ltr'><strong>pbr.</strong></span> <span class='ocrx_word' id='word_1_382' title='bbox 1081 2089 1109 2113; x_wconf 74' lang='lat' dir='ltr'><strong>et</strong></span> 
     </span>
    </p>
   </div>
   <div class='ocr_carea' id='block_1_45' title="bbox 1128 2096 1162 2112">
    <p class='ocr_par' dir='ltr' id='par_1_59' title="bbox 1128 2096 1162 2112">
     <span class='ocr_line' id='line_1_133' title="bbox 1128 2096 1162 2112; baseline 0 0"><span class='ocrx_word' id='word_1_383' title='bbox 1128 2096 1162 2112; x_wconf 85' lang='lat' dir='ltr'><strong>m.</strong></span> 
     </span>
    </p>
   </div>
   <div class='ocr_carea' id='block_1_46' title="bbox 484 2129 1282 2206">
    <p class='ocr_par' dir='ltr' id='par_1_60' title="bbox 484 2129 1282 2206">
     <span class='ocr_line' id='line_1_134' title="bbox 484 2129 1282 2163; baseline 0.001 -9"><span class='ocrx_word' id='word_1_384' title='bbox 484 2129 653 2156; x_wconf 78' lang='lat' dir='ltr'><strong>Wernherus</strong></span> <span class='ocrx_word' id='word_1_385' title='bbox 672 2138 713 2155; x_wconf 80' lang='lat' dir='ltr'><strong>ev.</strong></span> <span class='ocrx_word' id='word_1_386' title='bbox 733 2139 759 2156; x_wconf 86' lang='lat' dir='ltr'><strong>n.</strong></span> <span class='ocrx_word' id='word_1_387' title='bbox 779 2139 821 2163; x_wconf 78' lang='lat' dir='ltr'><strong>cg.</strong></span> <span class='ocrx_word' id='word_1_388' title='bbox 859 2129 1005 2163; x_wconf 73' lang='lat' dir='ltr'><strong>[Henricus</strong></span> <span class='ocrx_word' id='word_1_389' title='bbox 1024 2130 1088 2156; x_wconf 79' lang='lat' dir='ltr'><strong>abb.</strong></span> <span class='ocrx_word' id='word_1_390' title='bbox 1107 2129 1189 2156; x_wconf 71' lang='lat' dir='ltr'>huius</span> <span class='ocrx_word' id='word_1_391' title='bbox 1209 2129 1282 2163; x_wconf 59' lang='lat' dir='ltr'><strong>locrj</strong></span> 
     </span>
     <span class='ocr_line' id='line_1_135' title="bbox 485 2172 1172 2206; baseline 0 -8"><span class='ocrx_word' id='word_1_392' title='bbox 485 2172 609 2206; x_wconf 77' lang='lat' dir='ltr'><strong>Rugerus</strong></span> <span class='ocrx_word' id='word_1_393' title='bbox 629 2172 692 2199; x_wconf 81' lang='lat' dir='ltr'><strong>abb.</strong></span> <span class='ocrx_word' id='word_1_394' title='bbox 712 2182 736 2199; x_wconf 86' lang='lat' dir='ltr'><strong>n.</strong></span> <span class='ocrx_word' id='word_1_395' title='bbox 758 2182 799 2206; x_wconf 85' lang='lat' dir='ltr'><strong>cg.</strong></span> <span class='ocrx_word' id='word_1_396' title='bbox 835 2172 992 2199; x_wconf 78' lang='lat' dir='ltr'><strong>Friderieus</strong></span> <span class='ocrx_word' id='word_1_397' title='bbox 1011 2173 1070 2206; x_wconf 88' lang='lat' dir='ltr'><strong>pbr.</strong></span> <span class='ocrx_word' id='word_1_398' title='bbox 1091 2174 1119 2199; x_wconf 75' lang='lat' dir='ltr'><strong>et</strong></span> <span class='ocrx_word' id='word_1_399' title='bbox 1139 2182 1172 2198; x_wconf 83' lang='lat' dir='ltr'><strong>m.</strong></span> 
     </span>
    </p>
   </div>
   <div class='ocr_carea' id='block_1_47' title="bbox 484 2216 1071 2250">
    <p class='ocr_par' dir='ltr' id='par_1_61' title="bbox 484 2216 1071 2250">
     <span class='ocr_line' id='line_1_136' title="bbox 484 2216 1071 2250; baseline 0 -8"><span class='ocrx_word' id='word_1_400' title='bbox 484 2216 632 2242; x_wconf 68' lang='lat' dir='ltr'><strong>Udalrieus</strong></span> <span class='ocrx_word' id='word_1_401' title='bbox 652 2226 686 2242; x_wconf 78' lang='lat' dir='ltr'><strong>tn.</strong></span> <span class='ocrx_word' id='word_1_402' title='bbox 707 2225 732 2242; x_wconf 91' lang='lat' dir='ltr'><strong>n.</strong></span> <span class='ocrx_word' id='word_1_403' title='bbox 753 2225 795 2250; x_wconf 86' lang='lat' dir='ltr'><strong>cg.</strong></span> <span class='ocrx_word' id='word_1_404' title='bbox 833 2216 988 2242; x_wconf 80' lang='lat' dir='ltr'><strong>Bernardus</strong></span> <span class='ocrx_word' id='word_1_405' title='bbox 1008 2216 1071 2242; x_wconf 79' lang='lat' dir='ltr'><strong>abb.</strong></span> 
     </span>
    </p>
   </div>
   <div class='ocr_carea' id='block_1_48' title="bbox 484 2259 1369 2293">
    <p class='ocr_par' dir='ltr' id='par_1_62' title="bbox 484 2259 1369 2293">
     <span class='ocr_line' id='line_1_137' title="bbox 484 2259 1369 2293; baseline 0.001 -9"><span class='ocrx_word' id='word_1_406' title='bbox 484 2260 644 2286; x_wconf 77' lang='lat' dir='ltr'><strong>Waltherus</strong></span> <span class='ocrx_word' id='word_1_407' title='bbox 665 2269 699 2286; x_wconf 85' lang='lat' dir='ltr'><strong>m.</strong></span> <span class='ocrx_word' id='word_1_408' title='bbox 719 2269 743 2285; x_wconf 79' lang='grc' dir='ltr'><strong>Π.</strong></span> <span class='ocrx_word' id='word_1_409' title='bbox 764 2268 806 2293; x_wconf 72' lang='lat' dir='ltr'><strong>cg.</strong></span> <span class='ocrx_word' id='word_1_410' title='bbox 844 2259 990 2286; x_wconf 81' lang='lat' dir='ltr'><strong>Udalricus</strong></span> <span class='ocrx_word' id='word_1_411' title='bbox 1010 2259 1069 2293; x_wconf 86' lang='lat' dir='ltr'><strong>pbr.</strong></span> <span class='ocrx_word' id='word_1_412' title='bbox 1090 2261 1117 2286; x_wconf 67' lang='lat' dir='ltr'><strong>et</strong></span> <span class='ocrx_word' id='word_1_413' title='bbox 1137 2269 1171 2285; x_wconf 82' lang='lat' dir='ltr'><strong>m.</strong></span> <span class='ocrx_word' id='word_1_414' title='bbox 1208 2259 1333 2293; x_wconf 57' lang='lat' dir='ltr'><strong>Rugerus</strong></span> <span class='ocrx_word' id='word_1_415' title='bbox 1354 2260 1369 2285; x_wconf 78' lang='lat' dir='ltr'><strong>l.</strong></span> 
     </span>
    </p>
   </div>
   <div class='ocr_carea' id='block_1_49' title="bbox 484 2302 811 2336">
    <p class='ocr_par' dir='ltr' id='par_1_63' title="bbox 484 2302 811 2336">
     <span class='ocr_line' id='line_1_138' title="bbox 484 2302 811 2336; baseline 0 -8"><span class='ocrx_word' id='word_1_416' title='bbox 484 2303 631 2329; x_wconf 75' lang='lat' dir='ltr'><strong>Udalricus</strong></span> <span class='ocrx_word' id='word_1_417' title='bbox 650 2302 710 2336; x_wconf 88' lang='lat' dir='ltr'><strong>pbr.</strong></span> <span class='ocrx_word' id='word_1_418' title='bbox 730 2304 757 2328; x_wconf 65' lang='lat' dir='ltr'><strong>et</strong></span> <span class='ocrx_word' id='word_1_419' title='bbox 777 2311 811 2328; x_wconf 90' lang='lat' dir='ltr'><strong>m.</strong></span> 
     </span>
    </p>
   </div>
   <div class='ocr_carea' id='block_1_50' title="bbox 482 2345 1157 2379">
    <p class='ocr_par' dir='ltr' id='par_1_64' title="bbox 482 2345 1157 2379">
     <span class='ocr_line' id='line_1_139' title="bbox 482 2345 1157 2379; baseline 0 -8"><span class='ocrx_word' id='word_1_420' title='bbox 482 2345 628 2372; x_wconf 75' lang='lat' dir='ltr'><strong>Heinricus</strong></span> <span class='ocrx_word' id='word_1_421' title='bbox 648 2346 708 2379; x_wconf 88' lang='lat' dir='ltr'><strong>pbr.</strong></span> <span class='ocrx_word' id='word_1_422' title='bbox 729 2348 756 2371; x_wconf 75' lang='lat' dir='ltr'><strong>et</strong></span> <span class='ocrx_word' id='word_1_423' title='bbox 775 2355 809 2371; x_wconf 87' lang='lat' dir='ltr'><strong>m.</strong></span> <span class='ocrx_word' id='word_1_424' title='bbox 830 2355 854 2371; x_wconf 91' lang='lat' dir='ltr'><strong>n.</strong></span> <span class='ocrx_word' id='word_1_425' title='bbox 875 2354 917 2378; x_wconf 72' lang='lat' dir='ltr'><strong>cg.</strong></span> <span class='ocrx_word' id='word_1_426' title='bbox 956 2345 1097 2371; x_wconf 75' lang='lat' dir='ltr'><strong>Conradus</strong></span> <span class='ocrx_word' id='word_1_427' title='bbox 1116 2354 1157 2371; x_wconf 77' lang='lat' dir='ltr'><strong>cv.</strong></span> 
     </span>
    </p>
   </div>
   <div class='ocr_carea' id='block_1_51' title="bbox 483 2388 1719 2423">
    <p class='ocr_par' dir='ltr' id='par_1_65' title="bbox 483 2388 1719 2423">
     <span class='ocr_line' id='line_1_140' title="bbox 483 2388 1719 2423; baseline 0 -9"><span class='ocrx_word' id='word_1_428' title='bbox 483 2388 641 2414; x_wconf 71' lang='lat' dir='ltr'><strong>Hartwicus</strong></span> <span class='ocrx_word' id='word_1_429' title='bbox 660 2398 694 2414; x_wconf 84' lang='lat'><strong>111.</strong></span> <span class='ocrx_word' id='word_1_430' title='bbox 716 2398 738 2414; x_wconf 70' lang='lat' dir='ltr'><strong>n.</strong></span> <span class='ocrx_word' id='word_1_431' title='bbox 760 2397 802 2421; x_wconf 68' lang='lat' dir='ltr'><strong>cg,</strong></span> <span class='ocrx_word' id='word_1_432' title='bbox 842 2388 1033 2423; x_wconf 68' lang='lat' dir='ltr'>Wolfgangus‚</span> <span class='ocrx_word' id='word_1_433' title='bbox 1054 2388 1209 2415; x_wconf 73' lang='lat' dir='ltr'><strong>Fridericus</strong></span> <span class='ocrx_word' id='word_1_434' title='bbox 1230 2388 1285 2422; x_wconf 83' lang='lat' dir='ltr'><strong>pbi.</strong></span> <span class='ocrx_word' id='word_1_435' title='bbox 1305 2391 1331 2415; x_wconf 63' lang='lat' dir='ltr'><strong>ek</strong></span> <span class='ocrx_word' id='word_1_436' title='bbox 1353 2389 1398 2414; x_wconf 85' lang='lat' dir='ltr'><strong>mi.</strong></span> <span class='ocrx_word' id='word_1_437' title='bbox 1430 2388 1577 2415; x_wconf 76' lang='lat' dir='ltr'><strong>Udalricus</strong></span> <span class='ocrx_word' id='word_1_438' title='bbox 1597 2388 1719 2415; x_wconf 76' lang='lat' dir='ltr'><strong>scolaris.</strong></span> 
     </span>
    </p>
   </div>
   <div class='ocr_carea' id='block_1_52' title="bbox 485 2431 1087 2466">
    <p class='ocr_par' dir='ltr' id='par_1_66' title="bbox 485 2431 1087 2466">
     <span class='ocr_line' id='line_1_141' title="bbox 485 2431 1087 2466; baseline 0.002 -10"><span class='ocrx_word' id='word_1_439' title='bbox 485 2431 599 2457; x_wconf 79' lang='lat' dir='ltr'>loannes</span> <span class='ocrx_word' id='word_1_440' title='bbox 619 2431 683 2457; x_wconf 85' lang='lat' dir='ltr'><strong>abb.</strong></span> <span class='ocrx_word' id='word_1_441' title='bbox 703 2441 728 2457; x_wconf 87' lang='lat'><strong>11.</strong></span> <span class='ocrx_word' id='word_1_442' title='bbox 748 2434 814 2465; x_wconf 43' lang='lat' dir='ltr'><strong>cg&amp;</strong></span> <span class='ocrx_word' id='word_1_443' title='bbox 851 2432 991 2457; x_wconf 74' lang='lat' dir='ltr'><strong>Conradus</strong></span> <span class='ocrx_word' id='word_1_444' title='bbox 1010 2441 1087 2466; x_wconf 72' lang='lat' dir='ltr'><strong>ppos.</strong></span> 
     </span>
    </p>
   </div>
   <div class='ocr_carea' id='block_1_53' title="bbox 681 2578 1401 2654">
    <p class='ocr_par' dir='ltr' id='par_1_67' title="bbox 681 2578 1401 2654">
     <span class='ocr_line' id='line_1_142' title="bbox 881 2578 1401 2611; baseline 0.004 -8"><span class='ocrx_word' id='word_1_445' title='bbox 881 2580 901 2611; x_wconf 67' lang='grc'><strong>2)</strong></span> <span class='ocrx_word' id='word_1_446' title='bbox 922 2578 960 2604; x_wconf 78' lang='lat' dir='ltr'><strong>B:</strong></span> <span class='ocrx_word' id='word_1_447' title='bbox 982 2579 1134 2605; x_wconf 78' lang='lat' dir='ltr'>Baltwinus</span> <span class='ocrx_word' id='word_1_448' title='bbox 1154 2579 1217 2605; x_wconf 76' lang='lat' dir='ltr'><strong>abb.</strong></span> <span class='ocrx_word' id='word_1_449' title='bbox 1238 2579 1319 2605; x_wconf 77' lang='lat' dir='ltr'>huius</span> <span class='ocrx_word' id='word_1_450' title='bbox 1340 2579 1401 2605; x_wconf 80' lang='lat' dir='ltr'><strong>loci.</strong></span> 
     </span>
     <span class='ocr_line' id='line_1_143' title="bbox 681 2620 1127 2654; baseline 0.007 -9"><span class='ocrx_word' id='word_1_451' title='bbox 681 2623 702 2654; x_wconf 77' lang='lat'><strong>⁴)</strong></span> <span class='ocrx_word' id='word_1_452' title='bbox 723 2622 760 2646; x_wconf 83' lang='lat' dir='ltr'><strong>B:</strong></span> <span class='ocrx_word' id='word_1_453' title='bbox 780 2620 862 2646; x_wconf 78' lang='lat' dir='ltr'>huius</span> <span class='ocrx_word' id='word_1_454' title='bbox 881 2621 999 2647; x_wconf 74' lang='lat' dir='ltr'>nominis</span> <span class='ocrx_word' id='word_1_455' title='bbox 1019 2621 1127 2648; x_wconf 74' lang='lat' dir='ltr'><strong>tertius.</strong></span> 
     </span>
    </p>
   </div>
   <div class='ocr_carea' id='block_1_54' title="bbox 1126 2432 1693 2465">
    <p class='ocr_par' dir='ltr' id='par_1_68' title="bbox 1126 2432 1693 2465">
     <span class='ocr_line' id='line_1_144' title="bbox 1126 2432 1693 2465; baseline 0.002 -8"><span class='ocrx_word' id='word_1_456' title='bbox 1126 2432 1272 2458; x_wconf 74' lang='lat' dir='ltr'><strong>L&#39;dalricus</strong></span> <span class='ocrx_word' id='word_1_457' title='bbox 1292 2432 1351 2465; x_wconf 88' lang='lat' dir='ltr'><strong>pbr.</strong></span> <span class='ocrx_word' id='word_1_458' title='bbox 1371 2434 1399 2458; x_wconf 67' lang='lat' dir='ltr'><strong>et</strong></span> <span class='ocrx_word' id='word_1_459' title='bbox 1419 2441 1454 2457; x_wconf 87' lang='lat' dir='ltr'><strong>m.</strong></span> <span class='ocrx_word' id='word_1_460' title='bbox 1492 2432 1633 2458; x_wconf 79' lang='lat' dir='ltr'><strong>Conradus</strong></span> <span class='ocrx_word' id='word_1_461' title='bbox 1653 2440 1693 2458; x_wconf 67' lang='lat' dir='ltr'><strong>cr.</strong></span> 
     </span>
    </p>
   </div>
   <div class='ocr_carea' id='block_1_55' title="bbox 1446 2512 1554 2514">
    <p class='ocr_par' dir='ltr' id='par_1_69' title="bbox 1446 2512 1554 2514">
     <span class='ocr_line' id='line_1_145' title="bbox 1446 2512 1554 2514; baseline 0 0"><span class='ocrx_word' id='word_1_462' title='bbox 1446 2512 1554 2514; x_wconf 95' lang='lat' dir='ltr'><strong> </strong></span> 
     </span>
    </p>
   </div>
   <div class='ocr_carea' id='block_1_56' title="bbox 1333 2513 1428 2515">
    <p class='ocr_par' dir='ltr' id='par_1_70' title="bbox 1333 2513 1428 2515">
     <span class='ocr_line' id='line_1_146' title="bbox 1333 2513 1428 2515; baseline 0 0"><span class='ocrx_word' id='word_1_463' title='bbox 1333 2513 1428 2515; x_wconf 95' lang='lat' dir='ltr'><strong> </strong></span> 
     </span>
    </p>
   </div>
   <div class='ocr_carea' id='block_1_57' title="bbox 1559 2510 1718 2516">
    <p class='ocr_par' dir='ltr' id='par_1_71' title="bbox 1559 2510 1718 2516">
     <span class='ocr_line' id='line_1_147' title="bbox 1559 2510 1718 2516; baseline 0 0"><span class='ocrx_word' id='word_1_464' title='bbox 1559 2510 1718 2516; x_wconf 95' lang='lat' dir='ltr'><strong> </strong></span> 
     </span>
    </p>
   </div>
   <div class='ocr_carea' id='block_1_58' title="bbox 1503 2577 1822 2608">
    <p class='ocr_par' dir='ltr' id='par_1_72' title="bbox 1503 2577 1822 2608">
     <span class='ocr_line' id='line_1_148' title="bbox 1503 2577 1822 2608; baseline -0.003 -4"><span class='ocrx_word' id='word_1_465' title='bbox 1503 2580 1523 2608; x_wconf 74' lang='lat'><strong>³)</strong></span> <span class='ocrx_word' id='word_1_466' title='bbox 1544 2578 1583 2604; x_wconf 79' lang='lat' dir='ltr'><strong>B:</strong></span> <span class='ocrx_word' id='word_1_467' title='bbox 1601 2578 1683 2604; x_wconf 81' lang='lat' dir='ltr'><strong>huius</strong></span> <span class='ocrx_word' id='word_1_468' title='bbox 1702 2577 1822 2604; x_wconf 83' lang='lat' dir='ltr'>nominis</span> 
     </span>
    </p>
   </div>
  </div>
 </body>
</html>
