2085 2999
695 149 801 175 LIBER
821 149 1061 175 OBLATIONUM
1083 150 1295 177 INTICENSIS.
1777 157 1813 186 19

285 253 347 271 non.
401 244 424 282 5.
479 242 604 269 Albanus
626 243 678 274 ob,
697 242 745 276 qui
764 243 842 270 dedit
861 244 970 270 domum
990 253 1053 271 cum
1072 253 1136 271 area
1155 254 1174 271 S.
1194 245 1325 271 Candido.

201 287 274 313 VIII.
289 279 357 313 idf'
406 287 430 313 6.
484 285 680 320 chunegundis
699 286 752 317 ob..
772 296 825 320 que
844 287 927 313 soluit
947 287 1081 314 decimam
1102 287 1129 313 iu
1148 288 1261 314 Puhele.

238 334 321 360 V,id,
400 330 425 356 9.
478 329 620 356 Pezelinus
646 330 729 356 confr.
748 339 774 356 11.
794 330 849 361 ob.,
878 330 926 364 qui
950 331 1028 357 dedit
1051 341 1070 359 s.
1091 331 1213 357 Candido
1237 331 1342 358 curiam
1370 332 1397 358 in
1417 332 1500 359 Sexto
1522 333 1548 358 in
1575 333 1690 359 Rokkeu
1711 334 1746 359 ad
1767 333 1814 360 ob-

529 373 664 399 lacionem
683 373 815 399 fratribus
834 373 874 399 ibi
887 373 1078 400 servient-ibus.
1117 374 1258 407 [Dominus
1272 374 1433 401 Paldwinus
1453 384 1511 402 can.
1525 375 1607 402 huius
1627 376 1741 403 ecclesie
1761 377 1813 410 ob.]

195 416 267 442 XIX.
281 416 336 443 kal.
382 417 421 444 14.
476 416 667 449 [Wolfhardus
686 424 748 447 sac„
766 416 840 442 filius
859 416 970 443 Ottonis
989 417 1023 443 de
1041 417 1196 448 Niderdorf,
1217 417 1301 443 confr.
1320 427 1345 443 n.
1365 418 1420 452 ob.]

169 463 268 489 XVIII.
282 461 337 488 kal.
373 461 421 494 315.
475 459 631 493 [Pei-toldus
652 459 742 485 dictus
761 460 863 494 Perger
882 469 942 486 can.
967 460 1048 486 huius
1068 461 1182 487 ecclesie
1202 461 1256 495 ob.]

194 505 267 531 XVI.
280 504 335 530 kal.
384 504 423 529 17.
475 502 593 528 Domina
612 502 777 536 Irmegardis
796 504 885 529 mater
907 503 1012 529 domini
1031 503 1063 529 H.
1083 503 1204 530 Lucerne
1223 504 1279 535 ob.,
1306 513 1359 537 que
1384 505 1460 531 dedit
1483 505 1615 531 fratribus
1640 505 1814 539 presentibus

530 545 710 576 oblacionem‚
741 545 849 572 scilicet
876 555 961 572 unum
989 555 1085 580 agrum
1117 546 1145 572 in
1176 547 1304 573 Rebleite
1336 549 1364 573 et
1395 549 1505 581 pratum
1533 548 1616 574 trium
1647 557 1761 582 opernm
1786 548 1814 574 in

531 587 704 615 V1·(‘›nstadel.

210 634 268 660 XV.
282 633 336 660 kal.
383 633 421 659 18.
476 631 689 665 Wendelburgis
708 631 764 659 ob..
784 640 836 664 que
857 632 963 665 legavit
982 632 1099 659 ecclesie
1117 632 1192 658 beati
1213 633 1329 659 Candidi
1348 642 1444 667 agrum
1464 643 1561 660 unum.
1579 634 1650 660 uude
1670 634 1814 660 annuatim

528 674 645 700 solvitur
664 674 779 701 ecclesie
799 675 937 701 schencha
957 675 1019 701 olei.

193 721 268 748 XIII.
281 720 336 746 kal.
379 720 420 746 20.
474 717 611 744 Arnoldus
638 726 705 744 com.
733 719 762 744 et
789 718 941 744 advocatus
969 719 1061 744 noster
1088 718 1139 749 ob.‚
1169 718 1216 751 qui
1244 719 1372 752 primitus
1399 719 1511 753 aptavit
1536 719 1655 753 Valgrat
1679 720 1711 746 de
1738 719 1814 745 Silva

536 760 571 786 ad
590 760 705 787 ecclesie
724 770 744 787 s.
765 760 881 786 Candidi
900 770 986 786 usum.

207 806 268 832 XII.
281 805 337 831 kal.
384 804 424 830 21.
479 800 642 829 Chflnradus
670 802 749 829 miles
776 803 808 828 de
836 803 993 829 Vessenden
1025 803 1082 835 ob.⁷
1113 803 1160 836 qui
1189 803 1267 830 dedit
1294 804 1408 831 ecclesie
1436 806 1513 832 1150
1542 805 1576 831 ad
1609 805 1814 839 conparandam

528 845 710 872 oblacionem.

224 892 270 918 XI.
284 890 339 918 kal.
384 889 426 916 22.
479 888 695 922 Wendelburgis
715 888 765 919 ob„
780 897 833 922 que
852 889 960 922 legavit
978 897 1075 923 agrum
1094 898 1115 915 s.
1134 889 1264 916 Candido.

233 935 265 961 X.
279 933 334 960 kal.
382 933 422 958 23.
477 931 595 958 Taeveis
614 932 665 963 ob.,
692 931 739 964 qui
764 931 841 957 dedit
865 931 948 958 beato
968 931 1092 957 Candido
1121 940 1218 965 agrum
1238 932 1265 958 111
1284 932 1448 965 Apholtcru.
1489 932 1631 964 [Dominus
1652 932 1815 959 christanus

525 975 558 1001 de
578 974 692 1000 Taufers
712 983 771 1000 can.
792 974 874 1000 huius
893 974 947 1000 Ioci
966 976 994 1001 et
1014 974 1086 1008 pleb.
1107 974 1135 1000 in
1154 975 1320 1009 Vallegrata
1338 975 1381 1000 ob.
1402 983 1473 1001 anno
1493 975 1604 1009 [13174]

193 1020 266 1046 VIII.
280 1019 336 1045 kal.
381 1019 422 1044 ⁴25».
476 1017 608 1044 Dominus
627 1017 659 1043 H.
689 1016 776 1047 miles,
804 1017 983 1048 camerarius,
1010 1017 1066 1047 ob.,
1087 1017 1163 1043 cuius
1182 1026 1250 1044 uxor
1274 1017 1385 1044 domina
1412 1017 1559 1052 Wilbirgis
1593 1027 1654 1044 cum
1681 1027 1814 1045 consensu

527 1062 554 1086 et
583 1060 728 1086 voluntate
753 1068 899 1093 puerorum
927 1069 1037 1086 suorum
1061 1059 1136 1086 dedit
1165 1069 1183 1086 s.
1205 1060 1326 1086 Candido
1358 1060 1501 1086 dimidiam
1524 1060 1629 1087 curiam
1659 1061 1814 1087 Purehman

527 1103 604 1128 iuxta
624 1104 745 1128 castrum
763 1102 854 1132 sitam,
875 1102 947 1128 unde
966 1102 1142 1136 presentibus
1161 1102 1292 1129 fratribus
1312 1103 1429 1129 solvitur
1446 1103 1555 1129 oblacio
1575 1104 1607 1130 de
1626 1103 1762 1137 granario.

219 1149 264 1175 VI.
278 1148 333 1174 kal.
379 1146 420 1172 27.
473 1145 590 1171 Domina
609 1145 755 1180 Wilbirgis
774 1145 825 1175 ob.,
845 1154 898 1178 que
918 1145 993 1171 dedit
1018 1145 1132 1172 ecclesie
1151 1145 1227 1172 beati
1246 1145 1362 1172 Candidi
1380 1148 1492 1179 pratum
1506 1146 1610 1172 dietum
1630 1144 1814 1173 Plfimenawe.

527 1187 669 1214 continens
690 1188 720 1214 18
740 1196 836 1221 opera,
856 1188 883 1213 et
902 1196 999 1221 agrum
1019 1187 1124 1213 dictum
1144 1188 1358 1223 Newenburger,
1386 1189 1457 1215 unde
1480 1189 1613 1216 fratribus
1637 1189 1813 1223 presentibus

527 1230 636 1257 oblacio
655 1230 801 1256 annuatim
820 1230 847 1256 in
867 1230 954 1264 ipsius
974 1230 1162 1257 anniversario
1182 1230 1350 1257 exsolvatur.

220 1277 266 1304 ΙΙΙ.
279 1276 334 1302 kal.
381 1274 421 1300 30.
476 1273 620 1308 [Dominus
638 1273 826 1299 VVainhardus
846 1273 878 1300 de
898 1274 1023 1305 Monacoy
1043 1283 1102 1299 can.
1122 1274 1203 1300 huius
1222 1274 1337 1301 ecclesie
1361 1276 1389 1301 et
1412 1274 1485 1308 pleb.
1510 1274 1538 1300 in
1565 1273 1743 1305 Niderudorf,
1770 1274 1812 1299 ob.

529 1325 600 1343 anno
622 1316 733 1350 (13)74.]

849 1398 1143 1434 SEPTEMBER.

278 1465 333 1492 kal.
398 1466 420 1491 1.
474 1463 560 1497 [Nota.
578 1462 651 1496 quod
671 1462 889 1489 anniversarium
908 1462 1011 1489 domini
1031 1463 1177 1489 Laui-encii
1196 1463 1229 1490 de
1249 1462 1380 1496 Tylfflco,
1400 1463 1470 1489 cani.
1490 1462 1572 1489 huius
1592 1462 1715 1494 ecclesie,
1736 1471 1813 1497 pera-

525 1506 602 1540 gitur
621 1505 649 1532 111
662 1505 753 1540 prima
766 1505 905 1532 dominica
917 1508 980 1539 post
995 1505 1066 1532 diem
1080 1515 1099 1532 s.
1114 1505 1266 1541 Augustini
1277 1508 1303 1539 l),
1323 1506 1396 1533 sicut
1409 1507 1529 1533 habetur
1541 1506 1569 1532 in
1584 1506 1732 1540 privilegio
1745 1506 1813 1540 suo.]

220 1553 266 1579 IV.
279 1561 340 1579 non.
396 1552 420 1577 2.
473 1549 666 1577 Herebrandus
685 1548 812 1575 officialis
831 1549 864 1576 de
884 1549 1074 1583 Tessenperch
1093 1549 1145 1580 ob.,
1165 1549 1212 1582 qui
1232 1549 1309 1576 dedit
1328 1558 1425 1583 agrum
1443 1558 1529 1576 unum
1549 1558 1569 1575 s,
1590 1549 1721 1575 Candido.

225 1596 272 1623 III.
286 1604 347 1622 11011.
402 1595 425 1620 3.
479 1592 623 1627 [Dominus
641 1591 722 1626 Hffigo
741 1592 937 1626 Snepergcrius
957 1601 1015 1618 cau.
1035 1592 1117 1618 huius
1137 1592 1253 1619 ecclesie
1273 1592 1328 1626 ob.]

236 1640 344 1666 II.non.
397 1638 421 1663 4.
475 1636 566 1662 Woffo
590 1636 649 1669 pbr.
670 1638 698 1662 et
717 1635 774 1662 dec.
798 1635 880 1661 huius
908 1635 1023 1662 ecclesie
1050 1636 1104 1665 ob.,
1131 1635 1179 1669 qui
1206 1635 1282 1662 dedit
1311 1635 1339 1661 111
1368 1636 1460 1661 monte
1480 1635 1650 1661 Viersehach
1680 1635 1812 1668 predium.

529 1679 637 1706 scilicet
656 1678 808 1705 Altwikke.

193 1725 267 1751 VIII.
282 1724 318 1750 id.
397 1724 421 1749 6.
475 1722 627 1756 [Einwigus
647 1721 729 1748 iudex
748 1721 781 1748 de
801 1722 965 1756 Welsperch
985 1722 1036 1753 ob„
1057 1721 1135 1748 cuius
1154 1731 1221 1748 uxor
1241 1721 1351 1748 domina
1371 1721 1448 1748 Gisla
1467 1720 1575 1755 legavit
1589 1721 1671 1746 beato
1691 1720 1814 1746 Candido

527 1774 576 1799 pro
600 1765 693 1791 anima
711 1764 833 1799 ipsorum
852 1765 980 1799 predium
999 1775 1083 1791 unum
1103 1765 1187 1791 situm
1207 1765 1234 1791 in
1253 1767 1347 1791 monte
1361 1764 1483 1791 Haslach
1499 1764 1605 1790 dietum
1619 1785 1640 1789 ..
1656 1784 1661 1790 .
1681 1763 1814 1789 fratribus

526 1808 701 1842 presentibus
719 1808 755 1834 ad
773 1808 954 1834 oblacionem.

211 1854 270 1880 VII.
285 1853 320 1879 id.
475 1851 640 1878 Ajtmannus
660 1851 711 1881 ob.,
731 1850 779 1884 qui
799 1851 877 1877 dedit
896 1853 1007 1885 pratum
1027 1852 1140 1878 duorum
1161 1860 1275 1885 operum
1294 1850 1323 1876 in
1343 1850 1506 1884 Gedwenge.

223 1897 268 1923 VI.
284 1897 319 1923 id.
399 1895 422 1921 8.
476 1894 594 1921 Domina
612 1893 740 1920 Alheidis
759 1894 816 1920 filia
830 1894 951 1921 Luceme
972 1895 1024 1922 ob..
1044 1904 1096 1928 que
1116 1894 1223 1928 legavit
1242 1895 1325 1920 beato
1339 1893 1463 1919 Candido
1476 1892 1591 1918 terciam
1612 1893 1719 1925 purtem
1739 1890 1813 1916 curie

525 1937 607 1963 sitam
626 1946 708 1971 super
726 1937 838 1963 beatam
858 1938 975 1964 Mariam
995 1938 1189 1972 Magdalenam
1210 1937 1237 1962 in
1252 1937 1275 1962 N
1280 1936 1425 1968 idei-ndors,
1445 1936 1516 1962 unde
1530 1934 1662 1961 fratribus
1682 1933 1813 1968 presenti<

526 1981 577 2007 bus
596 1980 781 2007 existentibus
800 1980 827 2006 in
847 1981 931 2007 sacris
951 1981 1033 2007 datur
1051 1980 1174 2011 oblacio.
1194 1979 1375 2013 [Nativitatis
1394 1989 1414 2005 s.
1431 1979 1516 2005 Marie
1536 1977 1651 2012 virginis
1671 1976 1814 2011 peragitur

527 2023 730 2050 anniversarius
754 2023 857 2050 (101111111
883 2023 997 2057 Caspai-i
1023 2023 1149 2049 Plazoler
1172 2022 1289 2049 decani.
1304 2042 1309 2048 .
1324 2043 1338 2053 .‚
1363 2022 1507 2055 sepultura
1530 2023 1594 2047 aute
1618 2020 1706 2046 altare
1716 2021 1735 2053 2)
1762 2019 1812 2045 sub

528 2067 622 2100 lapide
642 2066 774 2100 sculpta]

219 2113 266 2138 III.
281 2111 317 2138 id.
383 2111 421 2137 ll.
476 2110 539 2144 [Hic
578 2109 723 2144 peragitur
759 2109 976 2136 anniversarium
1000 2109 1103 2135 domini
1135 2108 1247 2136 Nicolai
1273 2109 1418 2135 Tauferscr
1443 2107 1568 2134 canonici
1596 2106 1742 2133 Inticensis=
1767 2126 1791 2131 ..
1807 2127 1812 2132 .

526 2153 560 2178 de
579 2153 658 2179 domo
678 2161 727 2178 sua
747 2161 808 2178 cum
828 2152 916 2186 pratis
942 2155 970 2179 et
995 2152 1070 2186 agris
1096 2153 1131 2179 ad
1154 2152 1269 2179 eandem
1296 2152 1405 2178 (1011111111
1426 2151 1625 2184 spectantibus
1646 2158 1698 2182 que
1718 2149 1813 2175 domus

526 2197 567 2222 est
587 2195 641 2222 sita
661 2203 694 2221 ex
713 2195 841 2229 opposito
860 2195 982 2229 granarii
1001 2195 1034 2221 (le
1054 2195 1232 2229 Tessenperg.
1249 2197 1277 2221 et
1296 2194 1368 2221 idern
1387 2193 1604 2220 nimivm-sarium
1625 2192 1812 2227 peragendum

527 2240 577 2269 est,
597 2241 628 2264 ut
647 2238 675 2263 111
694 2237 782 2264 literis
802 2237 924 2264 ciusdem
943 2238 1144 2271 contineturfl'ss

236 2283 268 2309 II.
284 2283 319 2308 id.
382 2282 421 2308 1·2.
475 2281 619 2315 [Dominus
638 2280 820 2307 Perchtoldus
839 2281 930 2307 dictus
950 2281 1080 2311 Ruscher,
1101 2290 1160 2307 can.
1180 2280 1261 2307 huius
1281 2280 1404 2308 ecclesie.
1424 2280 1477 2312 ob]

282 2325 318 2352 id.
382 2325 420 2351 13.
477 2324 621 2358 [Rudolfus
641 2323 732 2350 dictus
751 2324 858 2358 Empel,
879 2326 1016 2350 mercator
1035 2324 1067 2350 de
1088 2324 1264 2358 Saltzpurga,
1284 2323 1390 2350 occisus
1409 2323 1463 2357 ob.]

168 2369 268 2394 XVIII.
282 2368 337 2394 kal.
384 2369 422 2393 14.
478 2366 618 2392 Diemodis
636 2366 687 2396 ob..
707 2375 760 2399 que
779 2366 856 2392 dedit
876 2375 973 2399 agrum
992 2367 1018 2392 in
1039 2366 1141 2400 Syliau.
1179 2367 1323 2400 [Dominus
1342 2365 1524 2398 Murquardus
1544 2364 1616 2398 pleb.
1631 2365 1663 2390 de
1679 2364 1811 2394 Frazlov..

527 2410 584 2435 dec.
604 2409 686 2435 huius
705 2409 819 2435 ecclesie
839 2410 892 2444 ob.]

181 2454 266 2480 XVII.
282 2454 337 2480 kal.
385 2455 423 2479 1.·1.
478 2452 538 2485 [Ch.
559 2453 615 2478 dec.
636 2452 689 2482 oh.y
709 2452 756 2485 qui
776 2453 851 2479 dedit
871 2453 1005 2487 graduale
1019 2453 1122 2479 musice
1137 2475 1142 2479 .
1158 2474 1162 2478 .
1177 2454 1194 2486 .]

399 1853 421 1878 Γ]

274 2602 294 2633 ¹)
312 2600 387 2626 Nota
406 2601 492 2626 altera
510 2601 541 2627 (Ie
559 2600 607 2626 hoc
625 2601 811 2627 anniversario
829 2601 858 2626 in
874 2601 927 2633 fine
946 2602 1040 2626 mensis
1060 2601 1177 2633 Auyusti,
1195 2600 1324 2632 inscripta
1344 2601 1388 2630 est,
1409 2598 1454 2623 ubi
1472 2597 1594 2631 1691111118,
1612 2596 1684 2621 hune
1701 2595 1810 2621 canoni-

169 2651 228 2668 cum
246 2643 277 2668 in
295 2643 398 2676 capella
416 2643 464 2669 sub
479 2644 566 2676 primo
586 2643 673 2676 lapide
691 2651 778 2669 versus
793 2644 932 2677 picturam
944 2644 1075 2676 sepultum
1094 2651 1145 2669 csse
1162 2646 1183 2668 ct
1202 2643 1239 2668 acl
1251 2641 1465 2668 anniversarizmn
1475 2639 1658 2666 celem-amima
1677 2645 1708 2663 ccc
1727 2637 1810 2669 domo,

168 2693 248 2718 quam
265 2694 283 2711 α
303 2685 444 2712 Friderico
468 2686 574 2712 custode
595 2695 623 2712 ze
647 2686 775 2712 Sclzuelen
794 2687 867 2718 emit,
892 2689 915 2712 et
939 2694 971 2712 em
994 2694 1074 2712 censa
1097 2694 1128 2711 ea:
1152 2685 1231 2711 Seoeto
1257 2685 1350 2711 collato
1373 2683 1514 2717 symbolam
1538 2682 1607 2707 dari.
1731 2682 1750 2713 ²)
1770 2680 1810 2706 Sc.

173 2727 297 2753 Omnium
310 2728 482 2759 Sanctorum,
505 2728 536 2754 de
559 2729 636 2755 cuius
658 2729 793 2760 fructibus
816 2730 914 2755 oblatio
932 2729 1022 2755 datur.
1130 2730 1150 2760 3)
1170 2728 1245 2754 Haec
1268 2731 1333 2753 nota
1359 2727 1444 2760 primo
1469 2729 1492 2752 8.
1507 2724 1576 2758 Sept.
1594 2724 1737 2756 inscripta,
1765 2722 1812 2749 sed

168 2770 223 2796 illic
247 2770 330 2796 deleta
348 2774 391 2797 est.
430 2772 523 2797 Priore
542 2774 605 2797 nota
624 2774 683 2797 reste
700 2772 845 2797 canonieus
863 2772 908 2797 iste
926 2779 1000 2797 anno
1020 2774 1079 2797 1399
1097 2771 1168 2797 obiit.

1569 2819 1601 2833 111.-

1569 2832 1584 2844 ι)
