<?xml version="1.0" encoding="UTF-8"?>
<!DOCTYPE html PUBLIC "-//W3C//DTD XHTML 1.0 Transitional//EN"
    "http://www.w3.org/TR/xhtml1/DTD/xhtml1-transitional.dtd">
<html xmlns="http://www.w3.org/1999/xhtml" xml:lang="en" lang="en">
 <head>
  <title>
</title>
<meta http-equiv="Content-Type" content="text/html;charset=utf-8" />
  <meta name='ocr-system' content='tesseract 3.04.00' />
  <meta name='ocr-capabilities' content='ocr_page ocr_carea ocr_par ocr_line ocrx_word'/>
</head>
<body>
  <div class='ocr_page' id='page_1' title='image "./monumentagenecro03geseuoft_0166.png"; bbox 0 0 2085 2999; ppageno 0'>
   <div class='ocr_carea' id='block_1_1' title="bbox 224 113 282 142">
    <p class='ocr_par' dir='ltr' id='par_1_1' title="bbox 224 113 282 142">
     <span class='ocr_line' id='line_1_1' title="bbox 224 113 282 142; baseline -0.017 0"><span class='ocrx_word' id='word_1_1' title='bbox 224 113 282 142; x_wconf 88' lang='lat'>152</span> 
     </span>
    </p>
   </div>
   <div class='ocr_carea' id='block_1_2' title="bbox 336 297 391 323">
    <p class='ocr_par' dir='ltr' id='par_1_2' title="bbox 336 297 391 323">
     <span class='ocr_line' id='line_1_2' title="bbox 336 297 391 323; baseline 0.018 -1"><span class='ocrx_word' id='word_1_2' title='bbox 336 297 391 323; x_wconf 76' lang='lat' dir='ltr'>kal.</span> 
     </span>
    </p>
   </div>
   <div class='ocr_carea' id='block_1_3' title="bbox 279 452 402 477">
    <p class='ocr_par' dir='ltr' id='par_1_3' title="bbox 279 452 402 477">
     <span class='ocr_line' id='line_1_3' title="bbox 279 452 402 477; baseline 0.008 -1"><span class='ocrx_word' id='word_1_3' title='bbox 279 452 324 477; x_wconf 65' lang='lat' dir='ltr'>VI.</span> <span class='ocrx_word' id='word_1_4' title='bbox 339 460 402 477; x_wconf 86' lang='lat' dir='ltr'>non.</span> 
     </span>
    </p>
   </div>
   <div class='ocr_carea' id='block_1_4' title="bbox 291 657 398 683">
    <p class='ocr_par' dir='ltr' id='par_1_4' title="bbox 291 657 398 683">
     <span class='ocr_line' id='line_1_4' title="bbox 291 657 398 683; baseline 0 -1"><span class='ocrx_word' id='word_1_5' title='bbox 291 657 324 683; x_wconf 87' lang='lat' dir='ltr'>V.</span> <span class='ocrx_word' id='word_1_6' title='bbox 338 666 398 682; x_wconf 87' lang='lat' dir='ltr'>non.</span> 
     </span>
    </p>
   </div>
   <div class='ocr_carea' id='block_1_5' title="bbox 279 760 401 786">
    <p class='ocr_par' dir='ltr' id='par_1_5' title="bbox 279 760 401 786">
     <span class='ocr_line' id='line_1_5' title="bbox 279 760 401 786; baseline 0.008 -1"><span class='ocrx_word' id='word_1_7' title='bbox 279 760 325 786; x_wconf 81' lang='lat' dir='ltr'>lv.</span> <span class='ocrx_word' id='word_1_8' title='bbox 339 769 401 786; x_wconf 84' lang='lat' dir='ltr'>non.</span> 
     </span>
    </p>
   </div>
   <div class='ocr_carea' id='block_1_6' title="bbox 279 865 481 891">
    <p class='ocr_par' dir='ltr' id='par_1_6' title="bbox 279 865 481 891">
     <span class='ocr_line' id='line_1_6' title="bbox 279 865 481 891; baseline 0 -1"><span class='ocrx_word' id='word_1_9' title='bbox 279 865 327 891; x_wconf 87' lang='lat' dir='ltr'>III.</span> <span class='ocrx_word' id='word_1_10' title='bbox 341 873 404 891; x_wconf 88' lang='lat' dir='ltr'>non.</span> <span class='ocrx_word' id='word_1_11' title='bbox 458 865 481 890; x_wconf 75' lang='lat'>5.</span> 
     </span>
    </p>
   </div>
   <div class='ocr_carea' id='block_1_7' title="bbox 293 968 403 993">
    <p class='ocr_par' dir='ltr' id='par_1_7' title="bbox 293 968 403 993">
     <span class='ocr_line' id='line_1_7' title="bbox 293 968 403 993; baseline 0 0"><span class='ocrx_word' id='word_1_12' title='bbox 293 968 326 993; x_wconf 87' lang='lat' dir='ltr'>H.</span> <span class='ocrx_word' id='word_1_13' title='bbox 341 976 403 993; x_wconf 88' lang='lat' dir='ltr'>non.</span> 
     </span>
    </p>
   </div>
   <div class='ocr_carea' id='block_1_8' title="bbox 346 1028 407 1046">
    <p class='ocr_par' dir='ltr' id='par_1_8' title="bbox 346 1028 407 1046">
     <span class='ocr_line' id='line_1_8' title="bbox 346 1028 407 1046; baseline 0.016 -1"><span class='ocrx_word' id='word_1_14' title='bbox 346 1028 407 1046; x_wconf 82' lang='lat' dir='ltr'>non.</span> 
     </span>
    </p>
   </div>
   <div class='ocr_carea' id='block_1_9' title="bbox 254 1071 378 1097">
    <p class='ocr_par' dir='ltr' id='par_1_9' title="bbox 254 1071 378 1097">
     <span class='ocr_line' id='line_1_9' title="bbox 254 1071 378 1097; baseline -0.008 0"><span class='ocrx_word' id='word_1_15' title='bbox 254 1071 327 1097; x_wconf 91' lang='lat' dir='ltr'>VIII.</span> <span class='ocrx_word' id='word_1_16' title='bbox 342 1071 378 1096; x_wconf 88' lang='lat' dir='ltr'>id.</span> 
     </span>
    </p>
   </div>
   <div class='ocr_carea' id='block_1_10' title="bbox 270 1174 379 1200">
    <p class='ocr_par' dir='ltr' id='par_1_10' title="bbox 270 1174 379 1200">
     <span class='ocr_line' id='line_1_10' title="bbox 270 1174 379 1200; baseline 0 -1"><span class='ocrx_word' id='word_1_17' title='bbox 270 1174 329 1200; x_wconf 87' lang='lat' dir='ltr'>VH.</span> <span class='ocrx_word' id='word_1_18' title='bbox 344 1174 379 1199; x_wconf 87' lang='lat' dir='ltr'>id.</span> 
     </span>
    </p>
   </div>
   <div class='ocr_carea' id='block_1_11' title="bbox 281 1374 377 1400">
    <p class='ocr_par' dir='ltr' id='par_1_11' title="bbox 281 1374 377 1400">
     <span class='ocr_line' id='line_1_11' title="bbox 281 1374 377 1400; baseline 0 -1"><span class='ocrx_word' id='word_1_19' title='bbox 281 1374 326 1400; x_wconf 84' lang='lat' dir='ltr'>VI.</span> <span class='ocrx_word' id='word_1_20' title='bbox 341 1374 377 1399; x_wconf 81' lang='lat' dir='ltr'>id.</span> 
     </span>
    </p>
   </div>
   <div class='ocr_carea' id='block_1_12' title="bbox 302 1529 384 1554">
    <p class='ocr_par' dir='ltr' id='par_1_12' title="bbox 302 1529 384 1554">
     <span class='ocr_line' id='line_1_12' title="bbox 302 1529 384 1554; baseline 0 0"><span class='ocrx_word' id='word_1_21' title='bbox 302 1529 333 1554; x_wconf 90' lang='lat' dir='ltr'>V.</span> <span class='ocrx_word' id='word_1_22' title='bbox 348 1529 384 1554; x_wconf 85' lang='lat' dir='ltr'>id.</span> 
     </span>
    </p>
   </div>
   <div class='ocr_carea' id='block_1_13' title="bbox 290 1580 384 1606">
    <p class='ocr_par' dir='ltr' id='par_1_13' title="bbox 290 1580 384 1606">
     <span class='ocr_line' id='line_1_13' title="bbox 290 1580 384 1606; baseline 0 0"><span class='ocrx_word' id='word_1_23' title='bbox 290 1581 334 1606; x_wconf 87' lang='lat' dir='ltr'>IV.</span> <span class='ocrx_word' id='word_1_24' title='bbox 350 1580 384 1606; x_wconf 81' lang='lat' dir='ltr'>id.</span> 
     </span>
    </p>
   </div>
   <div class='ocr_carea' id='block_1_14' title="bbox 291 1684 388 1761">
    <p class='ocr_par' dir='ltr' id='par_1_14' title="bbox 291 1684 388 1761">
     <span class='ocr_line' id='line_1_14' title="bbox 291 1684 388 1710; baseline -0.01 0"><span class='ocrx_word' id='word_1_25' title='bbox 291 1685 338 1710; x_wconf 84' lang='lat'>111.</span> <span class='ocrx_word' id='word_1_26' title='bbox 353 1684 388 1709; x_wconf 81' lang='lat' dir='ltr'>id.</span> 
     </span>
     <span class='ocr_line' id='line_1_15' title="bbox 302 1735 384 1761; baseline -0.012 0"><span class='ocrx_word' id='word_1_27' title='bbox 302 1736 334 1761; x_wconf 89' lang='lat'>11.</span> <span class='ocrx_word' id='word_1_28' title='bbox 349 1735 384 1761; x_wconf 87' lang='lat' dir='ltr'>id.</span> 
     </span>
    </p>
   </div>
   <div class='ocr_carea' id='block_1_15' title="bbox 349 1929 385 1955">
    <p class='ocr_par' dir='ltr' id='par_1_15' title="bbox 349 1929 385 1955">
     <span class='ocr_line' id='line_1_16' title="bbox 349 1929 385 1955; baseline 0.028 -1"><span class='ocrx_word' id='word_1_29' title='bbox 349 1929 385 1955; x_wconf 78' lang='lat' dir='ltr'>id.</span> 
     </span>
    </p>
   </div>
   <div class='ocr_carea' id='block_1_16' title="bbox 250 2031 406 2058">
    <p class='ocr_par' dir='ltr' id='par_1_16' title="bbox 250 2031 406 2058">
     <span class='ocr_line' id='line_1_17' title="bbox 250 2031 406 2058; baseline 0 -1"><span class='ocrx_word' id='word_1_30' title='bbox 250 2031 335 2058; x_wconf 82' lang='lat' dir='ltr'>XVII.</span> <span class='ocrx_word' id='word_1_31' title='bbox 351 2032 406 2058; x_wconf 82' lang='lat' dir='ltr'>kal.</span> 
     </span>
    </p>
   </div>
   <div class='ocr_carea' id='block_1_17' title="bbox 262 2127 406 2205">
    <p class='ocr_par' dir='ltr' id='par_1_17' title="bbox 262 2127 406 2205">
     <span class='ocr_line' id='line_1_18' title="bbox 262 2127 404 2153; baseline 0 0"><span class='ocrx_word' id='word_1_32' title='bbox 262 2128 333 2153; x_wconf 77' lang='lat' dir='ltr'>XVI.</span> <span class='ocrx_word' id='word_1_33' title='bbox 349 2127 404 2153; x_wconf 74' lang='lat' dir='ltr'>kal.</span> 
     </span>
     <span class='ocr_line' id='line_1_19' title="bbox 278 2179 406 2205; baseline 0.008 -1"><span class='ocrx_word' id='word_1_34' title='bbox 278 2179 335 2205; x_wconf 88' lang='lat' dir='ltr'>XV.</span> <span class='ocrx_word' id='word_1_35' title='bbox 352 2179 406 2205; x_wconf 83' lang='lat' dir='ltr'>kal.</span> 
     </span>
    </p>
   </div>
   <div class='ocr_carea' id='block_1_18' title="bbox 268 2429 409 2455">
    <p class='ocr_par' dir='ltr' id='par_1_18' title="bbox 268 2429 409 2455">
     <span class='ocr_line' id='line_1_20' title="bbox 268 2429 409 2455; baseline 0.007 -1"><span class='ocrx_word' id='word_1_36' title='bbox 268 2429 338 2454; x_wconf 67' lang='lat' dir='ltr'>xlv.</span> <span class='ocrx_word' id='word_1_37' title='bbox 354 2429 409 2455; x_wconf 73' lang='lat' dir='ltr'>kal.</span> 
     </span>
    </p>
   </div>
   <div class='ocr_carea' id='block_1_19' title="bbox 455 297 476 322">
    <p class='ocr_par' dir='ltr' id='par_1_19' title="bbox 455 297 476 322">
     <span class='ocr_line' id='line_1_21' title="bbox 455 297 476 322; baseline -0.048 0"><span class='ocrx_word' id='word_1_38' title='bbox 455 297 476 322; x_wconf 94' lang='grc'>1.</span> 
     </span>
    </p>
   </div>
   <div class='ocr_carea' id='block_1_20' title="bbox 444 1374 483 1399">
    <p class='ocr_par' dir='ltr' id='par_1_20' title="bbox 444 1374 483 1399">
     <span class='ocr_line' id='line_1_22' title="bbox 444 1374 483 1399; baseline 0 -1"><span class='ocrx_word' id='word_1_39' title='bbox 444 1374 483 1399; x_wconf 90' lang='grc'>10.</span> 
     </span>
    </p>
   </div>
   <div class='ocr_carea' id='block_1_21' title="bbox 447 1529 487 1607">
    <p class='ocr_par' dir='ltr' id='par_1_21' title="bbox 447 1529 487 1607">
     <span class='ocr_line' id='line_1_23' title="bbox 449 1529 487 1554; baseline 0 0"><span class='ocrx_word' id='word_1_40' title='bbox 449 1529 487 1554; x_wconf 87' lang='grc'>11.</span> 
     </span>
     <span class='ocr_line' id='line_1_24' title="bbox 447 1582 486 1607; baseline -0.026 0"><span class='ocrx_word' id='word_1_41' title='bbox 447 1582 486 1607; x_wconf 77' lang='lat'>12.</span> 
     </span>
    </p>
   </div>
   <div class='ocr_carea' id='block_1_22' title="bbox 456 2431 494 2456">
    <p class='ocr_par' dir='ltr' id='par_1_22' title="bbox 456 2431 494 2456">
     <span class='ocr_line' id='line_1_25' title="bbox 456 2431 494 2456; baseline 0.026 -1"><span class='ocrx_word' id='word_1_42' title='bbox 456 2431 494 2456; x_wconf 75' lang='lat'>19.</span> 
     </span>
    </p>
   </div>
   <div class='ocr_carea' id='block_1_23' title="bbox 759 101 1332 130">
    <p class='ocr_par' dir='ltr' id='par_1_23' title="bbox 759 101 1332 130">
     <span class='ocr_line' id='line_1_26' title="bbox 759 101 1332 130; baseline -0.007 1"><span class='ocrx_word' id='word_1_43' title='bbox 759 102 1025 130; x_wconf 86' lang='lat' dir='ltr'>NECROLOGIUM</span> <span class='ocrx_word' id='word_1_44' title='bbox 1044 101 1332 128; x_wconf 85' lang='lat' dir='ltr'>TEGERNSEENSE.</span> 
     </span>
    </p>
   </div>
   <div class='ocr_carea' id='block_1_24' title="bbox 931 209 1167 245">
    <p class='ocr_par' dir='ltr' id='par_1_24' title="bbox 931 209 1167 245">
     <span class='ocr_line' id='line_1_27' title="bbox 931 209 1167 245; baseline -0.004 0"><span class='ocrx_word' id='word_1_45' title='bbox 931 209 1167 245; x_wconf 88' lang='lat' dir='ltr'>OCTOBER.</span> 
     </span>
    </p>
   </div>
   <div class='ocr_carea' id='block_1_25' title="bbox 522 281 1881 1257">
    <p class='ocr_par' dir='ltr' id='par_1_25' title="bbox 522 281 1871 430">
     <span class='ocr_line' id='line_1_28' title="bbox 522 281 1871 328; baseline -0.004 -10"><span class='ocrx_word' id='word_1_46' title='bbox 522 287 710 328; x_wconf 81' lang='lat' dir='ltr'>Hartungus</span> <span class='ocrx_word' id='word_1_47' title='bbox 741 285 814 316; x_wconf 84' lang='lat' dir='ltr'>abb.</span> <span class='ocrx_word' id='word_1_48' title='bbox 847 285 1041 325; x_wconf 84' lang='lat' dir='ltr'>Lampertus</span> <span class='ocrx_word' id='word_1_49' title='bbox 1073 283 1146 314; x_wconf 85' lang='lat' dir='ltr'>abb.</span> <span class='ocrx_word' id='word_1_50' title='bbox 1169 282 1410 314; x_wconf 83' lang='lat' dir='ltr'>Herveldensis.</span> <span class='ocrx_word' id='word_1_51' title='bbox 1465 281 1697 312; x_wconf 82' lang='lat' dir='ltr'>Wolframmus</span> <span class='ocrx_word' id='word_1_52' title='bbox 1727 282 1800 313; x_wconf 88' lang='lat' dir='ltr'>abb.</span> <span class='ocrx_word' id='word_1_53' title='bbox 1831 282 1871 313; x_wconf 85' lang='lat' dir='ltr'>de</span> 
     </span>
     <span class='ocr_line' id='line_1_29' title="bbox 582 333 1871 378; baseline -0.004 -9"><span class='ocrx_word' id='word_1_54' title='bbox 582 338 698 369; x_wconf 81' lang='lat' dir='ltr'>Sancto</span> <span class='ocrx_word' id='word_1_55' title='bbox 723 337 878 367; x_wconf 80' lang='lat' dir='ltr'>Mauricio</span> <span class='ocrx_word' id='word_1_56' title='bbox 904 336 955 367; x_wconf 92' lang='lat' dir='ltr'>ob.</span> <span class='ocrx_word' id='word_1_57' title='bbox 1002 334 1102 378; x_wconf 86' lang='lat' dir='ltr'>[Bone</span> <span class='ocrx_word' id='word_1_58' title='bbox 1126 335 1283 366; x_wconf 76' lang='lat' dir='ltr'>memorie</span> <span class='ocrx_word' id='word_1_59' title='bbox 1308 334 1461 365; x_wconf 84' lang='lat' dir='ltr'>Albertus</span> <span class='ocrx_word' id='word_1_60' title='bbox 1490 345 1580 375; x_wconf 87' lang='lat' dir='ltr'>ppos.</span> <span class='ocrx_word' id='word_1_61' title='bbox 1605 333 1871 364; x_wconf 72' lang='lat' dir='ltr'>Ilmiinsterensis.</span> 
     </span>
     <span class='ocr_line' id='line_1_30' title="bbox 584 386 1855 430; baseline -0.001 -11"><span class='ocrx_word' id='word_1_62' title='bbox 584 388 814 430; x_wconf 74' lang='lat' dir='ltr'>Chfinegundis</span> <span class='ocrx_word' id='word_1_63' title='bbox 833 388 872 419; x_wconf 82' lang='lat' dir='ltr'>de</span> <span class='ocrx_word' id='word_1_64' title='bbox 891 386 1149 429; x_wconf 76' lang='lat' dir='ltr'>Villstel&#39;walde.]</span> <span class='ocrx_word' id='word_1_65' title='bbox 1188 394 1325 420; x_wconf 72' lang='lat' dir='ltr'>Dominus</span> <span class='ocrx_word' id='word_1_66' title='bbox 1346 394 1482 419; x_wconf 61' lang='lat' dir='ltr'>Iohannes</span> <span class='ocrx_word' id='word_1_67' title='bbox 1499 393 1555 419; x_wconf 82' lang='lat' dir='ltr'>abb.</span> <span class='ocrx_word' id='word_1_68' title='bbox 1575 393 1667 419; x_wconf 72' lang='lat' dir='ltr'>Sancti</span> <span class='ocrx_word' id='word_1_69' title='bbox 1685 394 1855 419; x_wconf 73' lang='grc' dir='ltr'><em>Εηιηιεναιηιῗ.</em></span> 
     </span>
    </p>

    <p class='ocr_par' dir='ltr' id='par_1_26' title="bbox 524 437 1874 635">
     <span class='ocr_line' id='line_1_31' title="bbox 524 437 1871 481; baseline -0.003 -9"><span class='ocrx_word' id='word_1_70' title='bbox 524 441 719 473; x_wconf 82' lang='lat' dir='ltr'>Perhtoldus</span> <span class='ocrx_word' id='word_1_71' title='bbox 744 440 812 481; x_wconf 91' lang='lat' dir='ltr'>pbr.</span> <span class='ocrx_word' id='word_1_72' title='bbox 839 443 871 471; x_wconf 86' lang='lat' dir='ltr'>et</span> <span class='ocrx_word' id='word_1_73' title='bbox 894 450 935 470; x_wconf 88' lang='lat' dir='ltr'>m.</span> <span class='ocrx_word' id='word_1_74' title='bbox 960 439 997 470; x_wconf 84' lang='lat' dir='ltr'>fr.</span> <span class='ocrx_word' id='word_1_75' title='bbox 1022 450 1050 469; x_wconf 88' lang='lat' dir='ltr'>n.</span> <span class='ocrx_word' id='word_1_76' title='bbox 1086 439 1234 469; x_wconf 80' lang='lat' dir='ltr'>Billunch</span> <span class='ocrx_word' id='word_1_77' title='bbox 1259 438 1340 469; x_wconf 81' lang='lat' dir='ltr'>diac.</span> <span class='ocrx_word' id='word_1_78' title='bbox 1366 441 1398 468; x_wconf 77' lang='lat' dir='ltr'>et</span> <span class='ocrx_word' id='word_1_79' title='bbox 1420 449 1461 468; x_wconf 92' lang='lat' dir='ltr'>m.</span> <span class='ocrx_word' id='word_1_80' title='bbox 1488 438 1527 468; x_wconf 89' lang='lat' dir='ltr'>de</span> <span class='ocrx_word' id='word_1_81' title='bbox 1545 437 1662 468; x_wconf 78' lang='lat' dir='ltr'>Sancto</span> <span class='ocrx_word' id='word_1_82' title='bbox 1679 438 1871 469; x_wconf 81' lang='lat' dir='ltr'>Michahele.</span> 
     </span>
     <span class='ocr_line' id='line_1_32' title="bbox 584 489 1872 524; baseline -0.002 -1"><span class='ocrx_word' id='word_1_83' title='bbox 584 492 783 524; x_wconf 84' lang='lat' dir='ltr'>Erinhardus</span> <span class='ocrx_word' id='word_1_84' title='bbox 808 491 888 522; x_wconf 85' lang='lat' dir='ltr'>diac.</span> <span class='ocrx_word' id='word_1_85' title='bbox 914 494 946 522; x_wconf 89' lang='lat' dir='ltr'>et</span> <span class='ocrx_word' id='word_1_86' title='bbox 969 501 1010 521; x_wconf 87' lang='lat' dir='ltr'>m.</span> <span class='ocrx_word' id='word_1_87' title='bbox 1036 490 1075 521; x_wconf 84' lang='lat' dir='ltr'>de</span> <span class='ocrx_word' id='word_1_88' title='bbox 1101 489 1217 521; x_wconf 83' lang='lat' dir='ltr'>Sancto</span> <span class='ocrx_word' id='word_1_89' title='bbox 1241 489 1492 520; x_wconf 78' lang='lat' dir='ltr'>Emmerammo.</span> <span class='ocrx_word' id='word_1_90' title='bbox 1538 489 1715 520; x_wconf 73' lang='lat' dir='ltr'>Nithardus</span> <span class='ocrx_word' id='word_1_91' title='bbox 1738 490 1758 520; x_wconf 84' lang='lat' dir='ltr'>l.</span> <span class='ocrx_word' id='word_1_92' title='bbox 1784 494 1816 520; x_wconf 85' lang='lat' dir='ltr'>et</span> <span class='ocrx_word' id='word_1_93' title='bbox 1832 501 1872 521; x_wconf 87' lang='lat'>111.</span> 
     </span>
     <span class='ocr_line' id='line_1_33' title="bbox 586 540 1874 584; baseline -0.002 -9"><span class='ocrx_word' id='word_1_94' title='bbox 586 545 626 575; x_wconf 86' lang='lat' dir='ltr'>de</span> <span class='ocrx_word' id='word_1_95' title='bbox 658 544 775 575; x_wconf 81' lang='lat' dir='ltr'>Sancto</span> <span class='ocrx_word' id='word_1_96' title='bbox 806 542 998 574; x_wconf 79' lang='lat' dir='ltr'>Sebastiano</span> <span class='ocrx_word' id='word_1_97' title='bbox 1029 542 1079 572; x_wconf 90' lang='lat' dir='ltr'>ob.</span> <span class='ocrx_word' id='word_1_98' title='bbox 1132 540 1200 584; x_wconf 79' lang='lat' dir='ltr'>[Pie</span> <span class='ocrx_word' id='word_1_99' title='bbox 1229 542 1385 572; x_wconf 80' lang='lat' dir='ltr'>memorie</span> <span class='ocrx_word' id='word_1_100' title='bbox 1415 541 1554 572; x_wconf 84' lang='lat' dir='ltr'>Karolus</span> <span class='ocrx_word' id='word_1_101' title='bbox 1587 541 1660 572; x_wconf 83' lang='lat' dir='ltr'>abb.</span> <span class='ocrx_word' id='word_1_102' title='bbox 1691 541 1784 572; x_wconf 88' lang='lat' dir='ltr'>huius</span> <span class='ocrx_word' id='word_1_103' title='bbox 1813 542 1874 572; x_wconf 78' lang='lat' dir='ltr'>loci</span> 
     </span>
     <span class='ocr_line' id='line_1_34' title="bbox 584 592 1102 635; baseline -0.008 -8"><span class='ocrx_word' id='word_1_104' title='bbox 584 596 687 627; x_wconf 73' lang='lat' dir='ltr'>dictus</span> <span class='ocrx_word' id='word_1_105' title='bbox 711 594 972 626; x_wconf 85' lang='lat' dir='ltr'>Hautzendorfer</span> <span class='ocrx_word' id='word_1_106' title='bbox 1000 592 1102 635; x_wconf 44' lang='lat'>1342]</span> 
     </span>
    </p>

    <p class='ocr_par' dir='ltr' id='par_1_27' title="bbox 522 643 1876 739">
     <span class='ocr_line' id='line_1_35' title="bbox 522 643 1876 688; baseline 0.001 -9"><span class='ocrx_word' id='word_1_107' title='bbox 522 648 667 679; x_wconf 87' lang='lat' dir='ltr'>Hemezo</span> <span class='ocrx_word' id='word_1_108' title='bbox 693 647 762 688; x_wconf 87' lang='lat' dir='ltr'>pbr.</span> <span class='ocrx_word' id='word_1_109' title='bbox 788 650 821 677; x_wconf 90' lang='lat' dir='ltr'>et</span> <span class='ocrx_word' id='word_1_110' title='bbox 843 657 884 677; x_wconf 90' lang='lat' dir='ltr'>m.</span> <span class='ocrx_word' id='word_1_111' title='bbox 910 646 950 676; x_wconf 87' lang='lat' dir='ltr'>de</span> <span class='ocrx_word' id='word_1_112' title='bbox 972 645 1089 676; x_wconf 84' lang='lat' dir='ltr'>Sancto</span> <span class='ocrx_word' id='word_1_113' title='bbox 1106 645 1273 685; x_wconf 53' lang='lat' dir='ltr'>XVieperto</span> <span class='ocrx_word' id='word_1_114' title='bbox 1298 644 1349 675; x_wconf 92' lang='lat' dir='ltr'>ob.</span> <span class='ocrx_word' id='word_1_115' title='bbox 1396 643 1632 686; x_wconf 52' lang='lat' dir='ltr'>[NVeiknandus</span> <span class='ocrx_word' id='word_1_116' title='bbox 1657 646 1759 678; x_wconf 79' lang='lat' dir='ltr'>dictus</span> <span class='ocrx_word' id='word_1_117' title='bbox 1775 648 1876 680; x_wconf 87' lang='lat' dir='ltr'>Torer</span> 
     </span>
     <span class='ocr_line' id='line_1_36' title="bbox 584 696 918 739; baseline -0.006 -9"><span class='ocrx_word' id='word_1_118' title='bbox 584 700 725 739; x_wconf 80' lang='lat' dir='ltr'>scolaris,</span> <span class='ocrx_word' id='word_1_119' title='bbox 749 710 790 730; x_wconf 88' lang='lat' dir='ltr'>m.</span> <span class='ocrx_word' id='word_1_120' title='bbox 816 698 852 729; x_wconf 86' lang='lat' dir='ltr'>fr.</span> <span class='ocrx_word' id='word_1_121' title='bbox 877 696 918 739; x_wconf 85' lang='lat' dir='ltr'>n.]</span> 
     </span>
    </p>

    <p class='ocr_par' dir='ltr' id='par_1_28' title="bbox 524 747 1877 843">
     <span class='ocr_line' id='line_1_37' title="bbox 524 747 1877 792; baseline 0 -10"><span class='ocrx_word' id='word_1_122' title='bbox 524 751 681 792; x_wconf 84' lang='lat' dir='ltr'>Magonus</span> <span class='ocrx_word' id='word_1_123' title='bbox 706 750 786 781; x_wconf 82' lang='lat' dir='ltr'>diac.</span> <span class='ocrx_word' id='word_1_124' title='bbox 813 753 844 780; x_wconf 85' lang='lat' dir='ltr'>et</span> <span class='ocrx_word' id='word_1_125' title='bbox 867 760 908 780; x_wconf 88' lang='lat' dir='ltr'>m.</span> <span class='ocrx_word' id='word_1_126' title='bbox 934 749 973 780; x_wconf 87' lang='lat' dir='ltr'>de</span> <span class='ocrx_word' id='word_1_127' title='bbox 999 748 1116 779; x_wconf 82' lang='lat' dir='ltr'>Sancto</span> <span class='ocrx_word' id='word_1_128' title='bbox 1140 747 1380 779; x_wconf 79' lang='lat' dir='ltr'>Emmerammo</span> <span class='ocrx_word' id='word_1_129' title='bbox 1405 748 1456 779; x_wconf 91' lang='lat' dir='ltr'>ob.</span> <span class='ocrx_word' id='word_1_130' title='bbox 1504 748 1678 790; x_wconf 79' lang='lat' dir='ltr'>[Fridricus</span> <span class='ocrx_word' id='word_1_131' title='bbox 1694 750 1877 782; x_wconf 86' lang='lat' dir='ltr'>Puhelman</span> 
     </span>
     <span class='ocr_line' id='line_1_38' title="bbox 586 799 1129 843; baseline -0.007 -8"><span class='ocrx_word' id='word_1_132' title='bbox 586 805 605 835; x_wconf 92' lang='lat' dir='ltr'>l.</span> <span class='ocrx_word' id='word_1_133' title='bbox 631 804 667 835; x_wconf 88' lang='lat' dir='ltr'>fr.</span> <span class='ocrx_word' id='word_1_134' title='bbox 693 815 721 834; x_wconf 87' lang='lat' dir='ltr'>n.</span> <span class='ocrx_word' id='word_1_135' title='bbox 748 806 780 834; x_wconf 86' lang='lat' dir='ltr'>et</span> <span class='ocrx_word' id='word_1_136' title='bbox 878 813 961 833; x_wconf 78' lang='lat' dir='ltr'>uxor</span> <span class='ocrx_word' id='word_1_137' title='bbox 985 812 1041 832; x_wconf 82' lang='lat' dir='ltr'>sua</span> <span class='ocrx_word' id='word_1_138' title='bbox 1067 799 1129 843; x_wconf 90' lang='lat' dir='ltr'>ob.]</span> 
     </span>
    </p>

    <p class='ocr_par' dir='ltr' id='par_1_29' title="bbox 529 852 1877 949">
     <span class='ocr_line' id='line_1_39' title="bbox 529 852 1877 898; baseline -0.001 -11"><span class='ocrx_word' id='word_1_139' title='bbox 529 855 631 898; x_wconf 84' lang='lat' dir='ltr'>[Bone</span> <span class='ocrx_word' id='word_1_140' title='bbox 660 856 816 887; x_wconf 82' lang='lat' dir='ltr'>memorie</span> <span class='ocrx_word' id='word_1_141' title='bbox 845 855 1017 886; x_wconf 89' lang='lat' dir='ltr'>Hainricus</span> <span class='ocrx_word' id='word_1_142' title='bbox 1044 853 1262 894; x_wconf 62' lang='lat' dir='ltr'>imper-amul)</span> <span class='ocrx_word' id='word_1_143' title='bbox 1308 852 1384 883; x_wconf 80' lang='lat' dir='ltr'>Otto</span> <span class='ocrx_word' id='word_1_144' title='bbox 1413 852 1481 893; x_wconf 87' lang='lat' dir='ltr'>pbr.</span> <span class='ocrx_word' id='word_1_145' title='bbox 1513 856 1544 883; x_wconf 77' lang='lat' dir='ltr'>et</span> <span class='ocrx_word' id='word_1_146' title='bbox 1569 865 1608 884; x_wconf 88' lang='lat' dir='ltr'>m.</span> <span class='ocrx_word' id='word_1_147' title='bbox 1635 853 1751 885; x_wconf 74' lang='lat' dir='ltr'>Sancte</span> <span class='ocrx_word' id='word_1_148' title='bbox 1776 855 1877 887; x_wconf 84' lang='lat' dir='ltr'>Marie</span> 
     </span>
     <span class='ocr_line' id='line_1_40' title="bbox 587 905 868 949; baseline -0.004 -11"><span class='ocrx_word' id='word_1_149' title='bbox 587 909 619 938; x_wconf 89' lang='lat' dir='ltr'>iu</span> <span class='ocrx_word' id='word_1_150' title='bbox 643 907 782 938; x_wconf 82' lang='lat' dir='ltr'>Gersten</span> <span class='ocrx_word' id='word_1_151' title='bbox 806 905 868 949; x_wconf 88' lang='lat' dir='ltr'>ob.]</span> 
     </span>
    </p>

    <p class='ocr_par' dir='ltr' id='par_1_30' title="bbox 526 955 1341 1000">
     <span class='ocr_line' id='line_1_41' title="bbox 526 955 1341 1000; baseline -0.005 -10"><span class='ocrx_word' id='word_1_152' title='bbox 526 959 640 1000; x_wconf 87' lang='lat' dir='ltr'>Poppo</span> <span class='ocrx_word' id='word_1_153' title='bbox 665 959 733 1000; x_wconf 87' lang='lat' dir='ltr'>pbr.</span> <span class='ocrx_word' id='word_1_154' title='bbox 760 962 792 990; x_wconf 85' lang='lat' dir='ltr'>et</span> <span class='ocrx_word' id='word_1_155' title='bbox 816 970 856 990; x_wconf 87' lang='lat' dir='ltr'>m.</span> <span class='ocrx_word' id='word_1_156' title='bbox 883 957 922 988; x_wconf 87' lang='lat' dir='ltr'>de</span> <span class='ocrx_word' id='word_1_157' title='bbox 948 957 1066 988; x_wconf 77' lang='lat' dir='ltr'>Sancto</span> <span class='ocrx_word' id='word_1_158' title='bbox 1090 957 1266 997; x_wconf 84' lang='lat' dir='ltr'>Lamperto</span> <span class='ocrx_word' id='word_1_159' title='bbox 1291 955 1341 986; x_wconf 92' lang='lat' dir='ltr'>ob.</span> 
     </span>
    </p>

    <p class='ocr_par' dir='ltr' id='par_1_31' title="bbox 533 1006 1378 1053">
     <span class='ocr_line' id='line_1_42' title="bbox 533 1006 1378 1053; baseline -0.005 -11"><span class='ocrx_word' id='word_1_160' title='bbox 533 1010 740 1053; x_wconf 77' lang='lat' dir='ltr'>[Perhtoldus</span> <span class='ocrx_word' id='word_1_161' title='bbox 765 1011 833 1052; x_wconf 87' lang='lat' dir='ltr'>pbr.</span> <span class='ocrx_word' id='word_1_162' title='bbox 860 1014 892 1041; x_wconf 85' lang='lat' dir='ltr'>et</span> <span class='ocrx_word' id='word_1_163' title='bbox 914 1020 956 1040; x_wconf 89' lang='lat' dir='ltr'>m.</span> <span class='ocrx_word' id='word_1_164' title='bbox 981 1009 1018 1040; x_wconf 90' lang='lat' dir='ltr'>fr.</span> <span class='ocrx_word' id='word_1_165' title='bbox 1042 1020 1072 1040; x_wconf 87' lang='lat' dir='ltr'>n.</span> <span class='ocrx_word' id='word_1_166' title='bbox 1097 1008 1137 1039; x_wconf 86' lang='lat' dir='ltr'>de</span> <span class='ocrx_word' id='word_1_167' title='bbox 1164 1008 1291 1039; x_wconf 82' lang='lat' dir='ltr'>Peuren</span> <span class='ocrx_word' id='word_1_168' title='bbox 1315 1006 1378 1049; x_wconf 89' lang='lat' dir='ltr'>ob.]</span> 
     </span>
    </p>

    <p class='ocr_par' dir='ltr' id='par_1_32' title="bbox 527 1058 1878 1155">
     <span class='ocr_line' id='line_1_43' title="bbox 527 1058 1878 1102; baseline 0.001 -9"><span class='ocrx_word' id='word_1_169' title='bbox 527 1062 618 1093; x_wconf 90' lang='lat' dir='ltr'>Bone</span> <span class='ocrx_word' id='word_1_170' title='bbox 642 1063 798 1093; x_wconf 86' lang='lat' dir='ltr'>memorie</span> <span class='ocrx_word' id='word_1_171' title='bbox 823 1061 1008 1102; x_wconf 80' lang='lat' dir='ltr'>Gunportus</span> <span class='ocrx_word' id='word_1_172' title='bbox 1024 1060 1094 1101; x_wconf 89' lang='lat' dir='ltr'>pbr.</span> <span class='ocrx_word' id='word_1_173' title='bbox 1113 1063 1145 1091; x_wconf 81' lang='lat' dir='ltr'>et</span> <span class='ocrx_word' id='word_1_174' title='bbox 1160 1070 1201 1090; x_wconf 91' lang='lat' dir='ltr'>m.</span> <span class='ocrx_word' id='word_1_175' title='bbox 1219 1059 1256 1090; x_wconf 84' lang='lat' dir='ltr'>fr.</span> <span class='ocrx_word' id='word_1_176' title='bbox 1273 1070 1302 1090; x_wconf 89' lang='lat' dir='ltr'>n.</span> <span class='ocrx_word' id='word_1_177' title='bbox 1342 1058 1542 1089; x_wconf 80' lang='lat' dir='ltr'>Wernherus</span> <span class='ocrx_word' id='word_1_178' title='bbox 1567 1069 1634 1090; x_wconf 88' lang='lat' dir='ltr'>ean.</span> <span class='ocrx_word' id='word_1_179' title='bbox 1653 1059 1809 1093; x_wconf 77' lang='lat' dir='ltr'>Cellensis</span> <span class='ocrx_word' id='word_1_180' title='bbox 1827 1063 1878 1094; x_wconf 90' lang='lat' dir='ltr'>ob.</span> 
     </span>
     <span class='ocr_line' id='line_1_44' title="bbox 588 1111 1180 1155; baseline -0.003 -11"><span class='ocrx_word' id='word_1_181' title='bbox 588 1112 776 1155; x_wconf 77' lang='lat' dir='ltr'>Rfidpertus</span> <span class='ocrx_word' id='word_1_182' title='bbox 800 1113 840 1144; x_wconf 89' lang='lat' dir='ltr'>de</span> <span class='ocrx_word' id='word_1_183' title='bbox 865 1113 1104 1153; x_wconf 83' lang='lat' dir='ltr'>Richerspiwer</span> <span class='ocrx_word' id='word_1_184' title='bbox 1128 1111 1180 1143; x_wconf 88' lang='lat' dir='ltr'>ob.</span> 
     </span>
    </p>

    <p class='ocr_par' dir='ltr' id='par_1_33' title="bbox 529 1162 1881 1257">
     <span class='ocr_line' id='line_1_45' title="bbox 529 1162 1880 1206; baseline 0.001 -10"><span class='ocrx_word' id='word_1_185' title='bbox 529 1165 736 1196; x_wconf 84' lang='lat' dir='ltr'>Pernhardus</span> <span class='ocrx_word' id='word_1_186' title='bbox 760 1165 828 1206; x_wconf 86' lang='lat' dir='ltr'>pbr.</span> <span class='ocrx_word' id='word_1_187' title='bbox 855 1168 887 1195; x_wconf 74' lang='lat' dir='ltr'>et</span> <span class='ocrx_word' id='word_1_188' title='bbox 910 1175 969 1204; x_wconf 69' lang='lat' dir='ltr'>m.7</span> <span class='ocrx_word' id='word_1_189' title='bbox 999 1164 1195 1204; x_wconf 80' lang='lat' dir='ltr'>Reinpertus</span> <span class='ocrx_word' id='word_1_190' title='bbox 1225 1162 1294 1204; x_wconf 87' lang='lat' dir='ltr'>pbr.</span> <span class='ocrx_word' id='word_1_191' title='bbox 1327 1165 1360 1193; x_wconf 75' lang='lat' dir='ltr'>et</span> <span class='ocrx_word' id='word_1_192' title='bbox 1382 1173 1435 1200; x_wconf 65' lang='lat' dir='ltr'>ni..</span> <span class='ocrx_word' id='word_1_193' title='bbox 1460 1163 1532 1193; x_wconf 85' lang='lat' dir='ltr'>fres.</span> <span class='ocrx_word' id='word_1_194' title='bbox 1557 1164 1614 1194; x_wconf 89' lang='lat' dir='ltr'>nri.</span> <span class='ocrx_word' id='word_1_195' title='bbox 1661 1164 1728 1195; x_wconf 92' lang='lat' dir='ltr'>Leo</span> <span class='ocrx_word' id='word_1_196' title='bbox 1754 1165 1822 1206; x_wconf 86' lang='lat' dir='ltr'>pbr.</span> <span class='ocrx_word' id='word_1_197' title='bbox 1848 1169 1880 1197; x_wconf 87' lang='lat' dir='ltr'>et</span> 
     </span>
     <span class='ocr_line' id='line_1_46' title="bbox 589 1213 1881 1257; baseline 0 -9"><span class='ocrx_word' id='word_1_198' title='bbox 589 1228 629 1249; x_wconf 89' lang='lat' dir='ltr'>m.</span> <span class='ocrx_word' id='word_1_199' title='bbox 655 1217 694 1248; x_wconf 88' lang='lat' dir='ltr'>de</span> <span class='ocrx_word' id='word_1_200' title='bbox 713 1217 800 1248; x_wconf 80' lang='lat' dir='ltr'>Ozia.</span> <span class='ocrx_word' id='word_1_201' title='bbox 848 1216 1032 1247; x_wconf 76' lang='lat' dir='ltr'>Gfintherus</span> <span class='ocrx_word' id='word_1_202' title='bbox 1056 1227 1097 1247; x_wconf 81' lang='lat'>111.</span> <span class='ocrx_word' id='word_1_203' title='bbox 1121 1215 1279 1246; x_wconf 76' lang='lat' dir='ltr'>heremita</span> <span class='ocrx_word' id='word_1_204' title='bbox 1304 1214 1354 1245; x_wconf 90' lang='lat' dir='ltr'>ob.</span> <span class='ocrx_word' id='word_1_205' title='bbox 1403 1213 1513 1257; x_wconf 82' lang='lat' dir='ltr'>[Hugo</span> <span class='ocrx_word' id='word_1_206' title='bbox 1538 1215 1573 1246; x_wconf 87' lang='lat' dir='ltr'>fr.</span> <span class='ocrx_word' id='word_1_207' title='bbox 1599 1227 1626 1246; x_wconf 87' lang='lat' dir='ltr'>n.</span> <span class='ocrx_word' id='word_1_208' title='bbox 1653 1216 1714 1257; x_wconf 80' lang='lat' dir='ltr'>ob.‚</span> <span class='ocrx_word' id='word_1_209' title='bbox 1738 1218 1881 1248; x_wconf 82' lang='lat' dir='ltr'>notarius</span> 
     </span>
    </p>
   </div>
   <div class='ocr_carea' id='block_1_26' title="bbox 588 1266 1880 1355">
    <p class='ocr_par' dir='ltr' id='par_1_34' title="bbox 588 1266 1880 1355">
     <span class='ocr_line' id='line_1_47' title="bbox 588 1266 1880 1310; baseline 0.002 -10"><span class='ocrx_word' id='word_1_210' title='bbox 588 1270 681 1300; x_wconf 73' lang='lat' dir='ltr'>huius</span> <span class='ocrx_word' id='word_1_211' title='bbox 714 1269 909 1300; x_wconf 70' lang='lat' dir='ltr'>monasterii.</span> <span class='ocrx_word' id='word_1_212' title='bbox 955 1268 1146 1299; x_wconf 78' lang='lat' dir='ltr'>Eberwinus</span> <span class='ocrx_word' id='word_1_213' title='bbox 1170 1267 1239 1308; x_wconf 83' lang='lat' dir='ltr'>pbl‘.</span> <span class='ocrx_word' id='word_1_214' title='bbox 1264 1270 1296 1297; x_wconf 74' lang='lat' dir='ltr'>et</span> <span class='ocrx_word' id='word_1_215' title='bbox 1319 1277 1360 1297; x_wconf 87' lang='lat' dir='ltr'>m.</span> <span class='ocrx_word' id='word_1_216' title='bbox 1386 1266 1449 1309; x_wconf 84' lang='lat' dir='ltr'>ob.]</span> <span class='ocrx_word' id='word_1_217' title='bbox 1496 1275 1629 1301; x_wconf 64' lang='lat' dir='ltr'>Dominus</span> <span class='ocrx_word' id='word_1_218' title='bbox 1653 1276 1789 1302; x_wconf 74' lang='lat' dir='ltr'>Iohannes</span> <span class='ocrx_word' id='word_1_219' title='bbox 1807 1286 1880 1310; x_wconf 76' lang='lat' dir='ltr'>ppos.</span> 
     </span>
     <span class='ocr_line' id='line_1_48' title="bbox 590 1321 839 1355; baseline -0.004 -9"><span class='ocrx_word' id='word_1_220' title='bbox 590 1321 620 1346; x_wconf 72' lang='lat' dir='ltr'>in</span> <span class='ocrx_word' id='word_1_221' title='bbox 639 1321 839 1355; x_wconf 71' lang='lat' dir='ltr'>Dyetramscell.</span> 
     </span>
    </p>
   </div>
   <div class='ocr_carea' id='block_1_27' title="bbox 530 1361 1880 1459">
    <p class='ocr_par' dir='ltr' id='par_1_35' title="bbox 530 1361 1880 1459">
     <span class='ocr_line' id='line_1_49' title="bbox 530 1361 1880 1406; baseline 0 -11"><span class='ocrx_word' id='word_1_222' title='bbox 530 1364 642 1396; x_wconf 88' lang='lat' dir='ltr'>Siboto</span> <span class='ocrx_word' id='word_1_223' title='bbox 678 1365 747 1406; x_wconf 93' lang='lat' dir='ltr'>pbr.</span> <span class='ocrx_word' id='word_1_224' title='bbox 784 1368 816 1395; x_wconf 87' lang='lat' dir='ltr'>et</span> <span class='ocrx_word' id='word_1_225' title='bbox 850 1375 890 1394; x_wconf 89' lang='lat' dir='ltr'>m.</span> <span class='ocrx_word' id='word_1_226' title='bbox 921 1363 957 1394; x_wconf 85' lang='lat' dir='ltr'>fr.</span> <span class='ocrx_word' id='word_1_227' title='bbox 992 1375 1021 1394; x_wconf 95' lang='lat' dir='ltr'>n.</span> <span class='ocrx_word' id='word_1_228' title='bbox 1068 1362 1265 1393; x_wconf 81' lang='lat' dir='ltr'>Adalbertus</span> <span class='ocrx_word' id='word_1_229' title='bbox 1295 1361 1368 1392; x_wconf 82' lang='lat' dir='ltr'>abb.</span> <span class='ocrx_word' id='word_1_230' title='bbox 1402 1361 1442 1392; x_wconf 83' lang='lat' dir='ltr'>de</span> <span class='ocrx_word' id='word_1_231' title='bbox 1476 1361 1591 1393; x_wconf 72' lang='lat' dir='ltr'>Sancto</span> <span class='ocrx_word' id='word_1_232' title='bbox 1621 1363 1799 1395; x_wconf 82' lang='lat' dir='ltr'>Benedieto</span> <span class='ocrx_word' id='word_1_233' title='bbox 1830 1365 1880 1396; x_wconf 92' lang='lat' dir='ltr'>ob.</span> 
     </span>
     <span class='ocr_line' id='line_1_50' title="bbox 592 1412 1880 1459; baseline 0.001 -12"><span class='ocrx_word' id='word_1_234' title='bbox 592 1416 799 1459; x_wconf 80' lang='lat' dir='ltr'>[Dyetmarus</span> <span class='ocrx_word' id='word_1_235' title='bbox 829 1416 897 1457; x_wconf 88' lang='lat' dir='ltr'>pbr.</span> <span class='ocrx_word' id='word_1_236' title='bbox 930 1418 963 1446; x_wconf 85' lang='lat' dir='ltr'>et</span> <span class='ocrx_word' id='word_1_237' title='bbox 991 1426 1032 1446; x_wconf 93' lang='lat' dir='ltr'>m.</span> <span class='ocrx_word' id='word_1_238' title='bbox 1058 1415 1094 1445; x_wconf 83' lang='lat' dir='ltr'>fr.</span> <span class='ocrx_word' id='word_1_239' title='bbox 1119 1425 1147 1445; x_wconf 88' lang='lat' dir='ltr'>n.</span> <span class='ocrx_word' id='word_1_240' title='bbox 1173 1414 1224 1444; x_wconf 90' lang='lat' dir='ltr'>ob.</span> <span class='ocrx_word' id='word_1_241' title='bbox 1277 1412 1466 1444; x_wconf 72' lang='lat' dir='ltr'>Ohfinradus</span> <span class='ocrx_word' id='word_1_242' title='bbox 1495 1414 1564 1455; x_wconf 91' lang='lat' dir='ltr'>pbr.</span> <span class='ocrx_word' id='word_1_243' title='bbox 1595 1418 1626 1446; x_wconf 86' lang='lat' dir='ltr'>et</span> <span class='ocrx_word' id='word_1_244' title='bbox 1654 1426 1694 1446; x_wconf 90' lang='lat' dir='ltr'>m.</span> <span class='ocrx_word' id='word_1_245' title='bbox 1725 1416 1761 1447; x_wconf 84' lang='lat' dir='ltr'>fr.</span> <span class='ocrx_word' id='word_1_246' title='bbox 1786 1427 1815 1447; x_wconf 86' lang='lat' dir='ltr'>n.</span> <span class='ocrx_word' id='word_1_247' title='bbox 1841 1417 1880 1448; x_wconf 83' lang='lat' dir='ltr'>de</span> 
     </span>
    </p>
   </div>
   <div class='ocr_carea' id='block_1_28' title="bbox 534 1467 1480 1561">
    <p class='ocr_par' dir='ltr' id='par_1_36' title="bbox 534 1467 1480 1561">
     <span class='ocr_line' id='line_1_51' title="bbox 544 1467 1480 1515; baseline 0.001 -16"><span class='ocrx_word' id='word_1_248' title='bbox 544 1508 554 1515; x_wconf 33' lang='grc' dir='ltr'>ἢ</span> <span class='ocrx_word' id='word_1_249' title='bbox 592 1468 721 1500; x_wconf 75' lang='lat' dir='ltr'>Pefiren</span> <span class='ocrx_word' id='word_1_250' title='bbox 745 1467 807 1511; x_wconf 84' lang='lat' dir='ltr'>ob.]</span> <span class='ocrx_word' id='word_1_251' title='bbox 844 1475 1006 1502; x_wconf 80' lang='lat' dir='ltr'>Chunradus</span> <span class='ocrx_word' id='word_1_252' title='bbox 1025 1474 1148 1501; x_wconf 77' lang='lat' dir='ltr'>subdiac.</span> <span class='ocrx_word' id='word_1_253' title='bbox 1167 1473 1259 1500; x_wconf 73' lang='lat' dir='ltr'>dictus</span> <span class='ocrx_word' id='word_1_254' title='bbox 1278 1473 1418 1499; x_wconf 78' lang='lat' dir='ltr'>Felschloz</span> <span class='ocrx_word' id='word_1_255' title='bbox 1438 1474 1480 1500; x_wconf 93' lang='lat' dir='ltr'>ob.</span> 
     </span>
     <span class='ocr_line' id='line_1_52' title="bbox 534 1518 1067 1561; baseline -0.004 -10"><span class='ocrx_word' id='word_1_256' title='bbox 534 1520 660 1551; x_wconf 85' lang='lat' dir='ltr'>Ulrieus</span> <span class='ocrx_word' id='word_1_257' title='bbox 684 1521 753 1561; x_wconf 87' lang='lat' dir='ltr'>pbr.</span> <span class='ocrx_word' id='word_1_258' title='bbox 779 1524 811 1551; x_wconf 85' lang='lat' dir='ltr'>et</span> <span class='ocrx_word' id='word_1_259' title='bbox 834 1530 875 1550; x_wconf 88' lang='lat' dir='ltr'>m.</span> <span class='ocrx_word' id='word_1_260' title='bbox 901 1519 937 1550; x_wconf 88' lang='lat' dir='ltr'>fr.</span> <span class='ocrx_word' id='word_1_261' title='bbox 962 1530 991 1550; x_wconf 92' lang='lat' dir='ltr'>n.</span> <span class='ocrx_word' id='word_1_262' title='bbox 1017 1518 1067 1549; x_wconf 90' lang='lat' dir='ltr'>ob.</span> 
     </span>
    </p>
   </div>
   <div class='ocr_carea' id='block_1_29' title="bbox 532 1568 1882 1664">
    <p class='ocr_par' dir='ltr' id='par_1_37' title="bbox 532 1568 1882 1664">
     <span class='ocr_line' id='line_1_53' title="bbox 532 1568 1882 1613; baseline 0 -10"><span class='ocrx_word' id='word_1_263' title='bbox 532 1573 731 1603; x_wconf 78' lang='lat' dir='ltr'>Pei-mannus</span> <span class='ocrx_word' id='word_1_264' title='bbox 755 1572 824 1613; x_wconf 85' lang='lat' dir='ltr'>pbr.</span> <span class='ocrx_word' id='word_1_265' title='bbox 850 1575 881 1602; x_wconf 81' lang='lat' dir='ltr'>et</span> <span class='ocrx_word' id='word_1_266' title='bbox 904 1582 945 1602; x_wconf 89' lang='lat' dir='ltr'>m.</span> <span class='ocrx_word' id='word_1_267' title='bbox 971 1571 1008 1601; x_wconf 86' lang='lat' dir='ltr'>fr.</span> <span class='ocrx_word' id='word_1_268' title='bbox 1032 1581 1061 1601; x_wconf 88' lang='lat' dir='ltr'>n.</span> <span class='ocrx_word' id='word_1_269' title='bbox 1108 1568 1267 1612; x_wconf 69' lang='lat' dir='ltr'>[Rfigerus</span> <span class='ocrx_word' id='word_1_270' title='bbox 1291 1568 1360 1609; x_wconf 86' lang='lat' dir='ltr'>pbr.</span> <span class='ocrx_word' id='word_1_271' title='bbox 1386 1572 1418 1599; x_wconf 88' lang='lat' dir='ltr'>et</span> <span class='ocrx_word' id='word_1_272' title='bbox 1441 1579 1482 1599; x_wconf 91' lang='lat' dir='ltr'>m.</span> <span class='ocrx_word' id='word_1_273' title='bbox 1501 1568 1540 1599; x_wconf 83' lang='lat' dir='ltr'>de</span> <span class='ocrx_word' id='word_1_274' title='bbox 1565 1569 1682 1601; x_wconf 82' lang='lat' dir='ltr'>Sancto</span> <span class='ocrx_word' id='word_1_275' title='bbox 1700 1571 1805 1602; x_wconf 87' lang='lat' dir='ltr'>Ieorio</span> <span class='ocrx_word' id='word_1_276' title='bbox 1831 1573 1882 1603; x_wconf 92' lang='lat' dir='ltr'>ob.</span> 
     </span>
     <span class='ocr_line' id='line_1_54' title="bbox 594 1621 1085 1664; baseline -0.004 -10"><span class='ocrx_word' id='word_1_277' title='bbox 594 1624 764 1654; x_wconf 86' lang='lat' dir='ltr'>Hainricus</span> <span class='ocrx_word' id='word_1_278' title='bbox 789 1634 883 1654; x_wconf 79' lang='lat' dir='ltr'>cocus</span> <span class='ocrx_word' id='word_1_279' title='bbox 908 1623 943 1653; x_wconf 85' lang='lat' dir='ltr'>fr.</span> <span class='ocrx_word' id='word_1_280' title='bbox 968 1634 996 1653; x_wconf 91' lang='lat' dir='ltr'>n.</span> <span class='ocrx_word' id='word_1_281' title='bbox 1022 1621 1085 1664; x_wconf 85' lang='lat' dir='ltr'>ob.]</span> 
     </span>
    </p>
   </div>
   <div class='ocr_carea' id='block_1_30' title="bbox 450 1676 861 1760">
    <p class='ocr_par' dir='ltr' id='par_1_38' title="bbox 450 1676 861 1760">
     <span class='ocr_line' id='line_1_55' title="bbox 470 1676 861 1716; baseline -0.003 -9"><span class='ocrx_word' id='word_1_282' title='bbox 470 1684 493 1709; x_wconf 74' lang='lat'>‘’‚.</span> <span class='ocrx_word' id='word_1_283' title='bbox 540 1676 645 1707; x_wconf 83' lang='lat' dir='ltr'>Adalo</span> <span class='ocrx_word' id='word_1_284' title='bbox 670 1676 738 1716; x_wconf 91' lang='lat' dir='ltr'>pbr.</span> <span class='ocrx_word' id='word_1_285' title='bbox 765 1679 796 1706; x_wconf 84' lang='lat' dir='ltr'>et</span> <span class='ocrx_word' id='word_1_286' title='bbox 821 1687 861 1706; x_wconf 89' lang='lat' dir='ltr'>m.</span> 
     </span>
     <span class='ocr_line' id='line_1_56' title="bbox 450 1736 487 1760; baseline 0 0"><span class='ocrx_word' id='word_1_287' title='bbox 450 1736 487 1760; x_wconf 79' lang='grc'>14.</span> 
     </span>
    </p>
   </div>
   <div class='ocr_carea' id='block_1_31' title="bbox 534 1723 1883 1768">
    <p class='ocr_par' dir='ltr' id='par_1_39' title="bbox 534 1723 1883 1768">
     <span class='ocr_line' id='line_1_57' title="bbox 534 1723 1883 1768; baseline 0.001 -11"><span class='ocrx_word' id='word_1_288' title='bbox 534 1727 734 1768; x_wconf 77' lang='lat' dir='ltr'>Reinpoldus</span> <span class='ocrx_word' id='word_1_289' title='bbox 759 1738 825 1768; x_wconf 67' lang='lat' dir='ltr'>eps</span> <span class='ocrx_word' id='word_1_290' title='bbox 851 1726 1039 1768; x_wconf 79' lang='lat' dir='ltr'>Speirensis.</span> <span class='ocrx_word' id='word_1_291' title='bbox 1085 1724 1300 1766; x_wconf 81' lang='lat' dir='ltr'>Engelpertus</span> <span class='ocrx_word' id='word_1_292' title='bbox 1330 1734 1410 1765; x_wconf 85' lang='lat' dir='ltr'>puer</span> <span class='ocrx_word' id='word_1_293' title='bbox 1441 1723 1481 1754; x_wconf 82' lang='lat' dir='ltr'>de</span> <span class='ocrx_word' id='word_1_294' title='bbox 1512 1724 1627 1755; x_wconf 80' lang='lat' dir='ltr'>Sancto</span> <span class='ocrx_word' id='word_1_295' title='bbox 1653 1725 1806 1757; x_wconf 80' lang='lat' dir='ltr'>Mauricio</span> <span class='ocrx_word' id='word_1_296' title='bbox 1832 1727 1883 1758; x_wconf 89' lang='lat' dir='ltr'>ob.</span> 
     </span>
    </p>
   </div>
   <div class='ocr_carea' id='block_1_32' title="bbox 592 1768 1886 1911">
    <p class='ocr_par' dir='ltr' id='par_1_40' title="bbox 592 1768 1886 1911">
     <span class='ocr_line' id='line_1_58' title="bbox 595 1768 1884 1825; baseline -0.002 -12"><span class='ocrx_word' id='word_1_297' title='bbox 595 1782 778 1825; x_wconf 83' lang='lat' dir='ltr'>[Hainrious</span> <span class='ocrx_word' id='word_1_298' title='bbox 803 1783 905 1813; x_wconf 80' lang='lat' dir='ltr'>dictus</span> <span class='ocrx_word' id='word_1_299' title='bbox 923 1768 1142 1820; x_wconf 60' lang='lat' dir='ltr'>(⁹)sterdorfer7</span> <span class='ocrx_word' id='word_1_300' title='bbox 1172 1780 1241 1811; x_wconf 83' lang='lat' dir='ltr'>dec.</span> <span class='ocrx_word' id='word_1_301' title='bbox 1266 1780 1359 1810; x_wconf 91' lang='lat' dir='ltr'>huius</span> <span class='ocrx_word' id='word_1_302' title='bbox 1387 1779 1448 1810; x_wconf 84' lang='lat' dir='ltr'>loci</span> <span class='ocrx_word' id='word_1_303' title='bbox 1480 1779 1543 1822; x_wconf 82' lang='lat' dir='ltr'>ob.]</span> <span class='ocrx_word' id='word_1_304' title='bbox 1590 1789 1692 1815; x_wconf 78' lang='lat' dir='ltr'>Paulus</span> <span class='ocrx_word' id='word_1_305' title='bbox 1714 1790 1774 1823; x_wconf 85' lang='lat' dir='ltr'>pbr.</span> <span class='ocrx_word' id='word_1_306' title='bbox 1798 1792 1825 1816; x_wconf 78' lang='lat' dir='ltr'>et</span> <span class='ocrx_word' id='word_1_307' title='bbox 1849 1800 1884 1817; x_wconf 84' lang='lat' dir='ltr'>m.</span> 
     </span>
     <span class='ocr_line' id='line_1_59' title="bbox 592 1831 1886 1860; baseline -0.001 0"><span class='ocrx_word' id='word_1_308' title='bbox 592 1834 674 1860; x_wconf 79' lang='lat' dir='ltr'>huius</span> <span class='ocrx_word' id='word_1_309' title='bbox 695 1834 749 1860; x_wconf 78' lang='lat' dir='ltr'>loci</span> <span class='ocrx_word' id='word_1_310' title='bbox 768 1834 860 1860; x_wconf 67' lang='lat' dir='ltr'>&lt;lictus</span> <span class='ocrx_word' id='word_1_311' title='bbox 880 1833 1045 1860; x_wconf 79' lang='lat' dir='ltr'>Ottenhofer</span> <span class='ocrx_word' id='word_1_312' title='bbox 1066 1832 1140 1858; x_wconf 72' lang='lat'>1433.</span> <span class='ocrx_word' id='word_1_313' title='bbox 1178 1831 1333 1857; x_wconf 63' lang='lat' dir='ltr'>Friderious</span> <span class='ocrx_word' id='word_1_314' title='bbox 1352 1831 1416 1857; x_wconf 75' lang='lat' dir='ltr'>abb.</span> <span class='ocrx_word' id='word_1_315' title='bbox 1443 1831 1470 1857; x_wconf 84' lang='lat' dir='ltr'>iu</span> <span class='ocrx_word' id='word_1_316' title='bbox 1496 1832 1613 1858; x_wconf 64' lang='lat' dir='ltr'>Giirsten</span> <span class='ocrx_word' id='word_1_317' title='bbox 1635 1833 1663 1858; x_wconf 89' lang='lat' dir='ltr'>fr.</span> <span class='ocrx_word' id='word_1_318' title='bbox 1684 1842 1709 1859; x_wconf 90' lang='lat' dir='ltr'>n.</span> <span class='ocrx_word' id='word_1_319' title='bbox 1752 1833 1886 1859; x_wconf 69' lang='lat' dir='ltr'>Iohannes</span> 
     </span>
     <span class='ocr_line' id='line_1_60' title="bbox 592 1874 1615 1911; baseline -0.001 -9"><span class='ocrx_word' id='word_1_320' title='bbox 592 1886 668 1911; x_wconf 73' lang='lat' dir='ltr'>ppos,</span> <span class='ocrx_word' id='word_1_321' title='bbox 688 1878 719 1903; x_wconf 76' lang='lat' dir='ltr'>de</span> <span class='ocrx_word' id='word_1_322' title='bbox 737 1878 832 1903; x_wconf 57' lang='lat' dir='ltr'>§Quieto</span> <span class='ocrx_word' id='word_1_323' title='bbox 856 1877 985 1910; x_wconf 71' lang='lat' dir='ltr'>Yppoliio.</span> <span class='ocrx_word' id='word_1_324' title='bbox 1022 1876 1158 1902; x_wconf 71' lang='lat' dir='ltr'>Dominus</span> <span class='ocrx_word' id='word_1_325' title='bbox 1178 1874 1356 1907; x_wconf 61' lang='grc' dir='ltr'>ΠόΙᾹηαυφιε</span> <span class='ocrx_word' id='word_1_326' title='bbox 1375 1874 1430 1899; x_wconf 75' lang='lat' dir='ltr'>abb.</span> <span class='ocrx_word' id='word_1_327' title='bbox 1451 1874 1483 1899; x_wconf 80' lang='lat' dir='ltr'>de</span> <span class='ocrx_word' id='word_1_328' title='bbox 1504 1875 1615 1901; x_wconf 73' lang='lat' dir='ltr'>Mellico.</span> 
     </span>
    </p>
   </div>
   <div class='ocr_carea' id='block_1_33' title="bbox 466 1917 1884 1963">
    <p class='ocr_par' dir='ltr' id='par_1_41' title="bbox 466 1917 1884 1963">
     <span class='ocr_line' id='line_1_61' title="bbox 466 1917 1884 1963; baseline -0.001 -11"><span class='ocrx_word' id='word_1_329' title='bbox 466 1930 489 1955; x_wconf 71' lang='lat'>5.</span> <span class='ocrx_word' id='word_1_330' title='bbox 535 1921 705 1963; x_wconf 79' lang='lat' dir='ltr'>Megingoz</span> <span class='ocrx_word' id='word_1_331' title='bbox 730 1921 798 1962; x_wconf 89' lang='lat' dir='ltr'>pbr.</span> <span class='ocrx_word' id='word_1_332' title='bbox 825 1924 857 1952; x_wconf 83' lang='lat' dir='ltr'>et</span> <span class='ocrx_word' id='word_1_333' title='bbox 880 1932 920 1951; x_wconf 87' lang='lat' dir='ltr'>m.</span> <span class='ocrx_word' id='word_1_334' title='bbox 956 1920 1077 1951; x_wconf 78' lang='lat' dir='ltr'>Albero</span> <span class='ocrx_word' id='word_1_335' title='bbox 1102 1919 1170 1960; x_wconf 91' lang='lat' dir='ltr'>pbr.</span> <span class='ocrx_word' id='word_1_336' title='bbox 1197 1921 1229 1949; x_wconf 85' lang='lat' dir='ltr'>et</span> <span class='ocrx_word' id='word_1_337' title='bbox 1251 1929 1292 1948; x_wconf 91' lang='lat' dir='ltr'>m.</span> <span class='ocrx_word' id='word_1_338' title='bbox 1311 1918 1351 1948; x_wconf 88' lang='lat' dir='ltr'>de</span> <span class='ocrx_word' id='word_1_339' title='bbox 1369 1917 1485 1948; x_wconf 76' lang='lat' dir='ltr'>Sancto</span> <span class='ocrx_word' id='word_1_340' title='bbox 1498 1918 1666 1959; x_wconf 53' lang='lat' dir='ltr'>NVieperto</span> <span class='ocrx_word' id='word_1_341' title='bbox 1684 1919 1734 1950; x_wconf 89' lang='lat' dir='ltr'>ob.</span> <span class='ocrx_word' id='word_1_342' title='bbox 1771 1920 1884 1960; x_wconf 77' lang='lat' dir='ltr'>{Eber-</span> 
     </span>
    </p>
   </div>
   <div class='ocr_carea' id='block_1_34' title="bbox 595 1969 1538 2012">
    <p class='ocr_par' dir='ltr' id='par_1_42' title="bbox 595 1969 1538 2012">
     <span class='ocr_line' id='line_1_62' title="bbox 595 1969 1538 2012; baseline -0.004 -9"><span class='ocrx_word' id='word_1_343' title='bbox 595 1973 714 2003; x_wconf 82' lang='lat' dir='ltr'>hardus</span> <span class='ocrx_word' id='word_1_344' title='bbox 738 1973 874 2003; x_wconf 80' lang='lat' dir='ltr'>acolitus</span> <span class='ocrx_word' id='word_1_345' title='bbox 899 1976 931 2003; x_wconf 78' lang='lat' dir='ltr'>ot</span> <span class='ocrx_word' id='word_1_346' title='bbox 953 1983 994 2003; x_wconf 90' lang='lat' dir='ltr'>m.</span> <span class='ocrx_word' id='word_1_347' title='bbox 1019 1972 1054 2002; x_wconf 84' lang='lat' dir='ltr'>fr.</span> <span class='ocrx_word' id='word_1_348' title='bbox 1080 1982 1108 2001; x_wconf 89' lang='lat' dir='ltr'>n.</span> <span class='ocrx_word' id='word_1_349' title='bbox 1135 1970 1185 2001; x_wconf 88' lang='lat' dir='ltr'>ob.</span> <span class='ocrx_word' id='word_1_350' title='bbox 1211 1969 1314 2000; x_wconf 82' lang='lat' dir='ltr'>dictus</span> <span class='ocrx_word' id='word_1_351' title='bbox 1339 1969 1538 2012; x_wconf 81' lang='lat' dir='ltr'>Schilhwaz.]</span> 
     </span>
    </p>
   </div>
   <div class='ocr_carea' id='block_1_35' title="bbox 539 2020 1885 2066">
    <p class='ocr_par' dir='ltr' id='par_1_43' title="bbox 476 2020 1885 2066">
     <span class='ocr_line' id='line_1_63' title="bbox 539 2020 1885 2066; baseline -0.001 -11.045"><span class='ocrx_word' id='word_1_352' title='bbox 539 2023 677 2066; x_wconf 77' lang='lat' dir='ltr'>[Ulrieus</span> <span class='ocrx_word' id='word_1_353' title='bbox 702 2036 741 2055; x_wconf 88' lang='lat' dir='ltr'>m.</span> <span class='ocrx_word' id='word_1_354' title='bbox 768 2025 803 2055; x_wconf 88' lang='lat' dir='ltr'>fr.</span> <span class='ocrx_word' id='word_1_355' title='bbox 829 2036 857 2055; x_wconf 89' lang='lat' dir='ltr'>n.</span> <span class='ocrx_word' id='word_1_356' title='bbox 883 2024 933 2054; x_wconf 90' lang='lat' dir='ltr'>ob.</span> <span class='ocrx_word' id='word_1_357' title='bbox 959 2024 1062 2054; x_wconf 79' lang='lat' dir='ltr'>dictus</span> <span class='ocrx_word' id='word_1_358' title='bbox 1086 2021 1238 2052; x_wconf 69' lang='lat' dir='ltr'>Felslozz.</span> <span class='ocrx_word' id='word_1_359' title='bbox 1286 2021 1368 2051; x_wconf 80' lang='lat' dir='ltr'>Item</span> <span class='ocrx_word' id='word_1_360' title='bbox 1397 2020 1568 2052; x_wconf 80' lang='lat' dir='ltr'>Hainricus</span> <span class='ocrx_word' id='word_1_361' title='bbox 1592 2022 1695 2052; x_wconf 85' lang='lat' dir='ltr'>dictus</span> <span class='ocrx_word' id='word_1_362' title='bbox 1720 2023 1885 2054; x_wconf 85' lang='lat' dir='ltr'>Salczman</span> 
     </span>
    </p>
   </div>
   <div class='ocr_carea' id='block_1_36' title="bbox 596 2072 1715 2117">
    <p class='ocr_par' dir='ltr' id='par_1_44' title="bbox 596 2072 1715 2117">
     <span class='ocr_line' id='line_1_64' title="bbox 596 2072 1715 2117; baseline -0.004 -9"><span class='ocrx_word' id='word_1_363' title='bbox 596 2077 632 2108; x_wconf 87' lang='lat' dir='ltr'>fr.</span> <span class='ocrx_word' id='word_1_364' title='bbox 657 2088 685 2107; x_wconf 88' lang='lat' dir='ltr'>n.</span> <span class='ocrx_word' id='word_1_365' title='bbox 712 2077 762 2107; x_wconf 90' lang='lat' dir='ltr'>ob.</span> <span class='ocrx_word' id='word_1_366' title='bbox 810 2076 975 2117; x_wconf 68' lang='lat' dir='ltr'>Seyfridus</span> <span class='ocrx_word' id='word_1_367' title='bbox 999 2075 1071 2106; x_wconf 85' lang='lat' dir='ltr'>abb.</span> <span class='ocrx_word' id='word_1_368' title='bbox 1096 2075 1127 2104; x_wconf 90' lang='lat' dir='ltr'>in</span> <span class='ocrx_word' id='word_1_369' title='bbox 1153 2073 1335 2104; x_wconf 81' lang='lat' dir='ltr'>Awhausen</span> <span class='ocrx_word' id='word_1_370' title='bbox 1360 2072 1462 2103; x_wconf 81' lang='lat' dir='ltr'>dictus</span> <span class='ocrx_word' id='word_1_371' title='bbox 1485 2072 1627 2113; x_wconf 70' lang='lat' dir='ltr'>Peyzzor</span> <span class='ocrx_word' id='word_1_372' title='bbox 1651 2073 1715 2116; x_wconf 78' lang='lat' dir='ltr'>ob.]</span> 
     </span>
    </p>
   </div>
   <div class='ocr_carea' id='block_1_37' title="bbox 486 2124 1398 2154">
    <p class='ocr_par' dir='ltr' id='par_1_45' title="bbox 486 2124 1398 2154">
     <span class='ocr_line' id='line_1_65' title="bbox 486 2124 1398 2154; baseline -0.004 -1"><span class='ocrx_word' id='word_1_373' title='bbox 486 2149 490 2152; x_wconf 97' lang='lat'>.</span> <span class='ocrx_word' id='word_1_374' title='bbox 537 2128 610 2153; x_wconf 87' lang='lat' dir='ltr'>Bone</span> <span class='ocrx_word' id='word_1_375' title='bbox 630 2128 759 2154; x_wconf 77' lang='lat' dir='ltr'>memorie</span> <span class='ocrx_word' id='word_1_376' title='bbox 780 2126 942 2154; x_wconf 74' lang='lat' dir='ltr'>Chfinradus</span> <span class='ocrx_word' id='word_1_377' title='bbox 962 2127 1024 2152; x_wconf 88' lang='lat' dir='ltr'>abb.</span> <span class='ocrx_word' id='word_1_378' title='bbox 1045 2124 1205 2151; x_wconf 79' lang='lat' dir='ltr'>monasterii</span> <span class='ocrx_word' id='word_1_379' title='bbox 1226 2124 1335 2150; x_wconf 71' lang='lat' dir='ltr'>Mi&#39;msee</span> <span class='ocrx_word' id='word_1_380' title='bbox 1355 2124 1398 2150; x_wconf 89' lang='lat' dir='ltr'>ob.</span> 
     </span>
    </p>
   </div>
   <div class='ocr_carea' id='block_1_38' title="bbox 539 2168 1887 2367">
    <p class='ocr_par' dir='ltr' id='par_1_46' title="bbox 539 2168 1887 2367">
     <span class='ocr_line' id='line_1_66' title="bbox 539 2168 1884 2214; baseline -0.001 -11"><span class='ocrx_word' id='word_1_381' title='bbox 539 2173 728 2204; x_wconf 60' lang='lat' dir='ltr'>(thum-adas</span> <span class='ocrx_word' id='word_1_382' title='bbox 754 2173 822 2214; x_wconf 89' lang='lat' dir='ltr'>pbr.</span> <span class='ocrx_word' id='word_1_383' title='bbox 849 2178 880 2203; x_wconf 86' lang='lat' dir='ltr'>et</span> <span class='ocrx_word' id='word_1_384' title='bbox 904 2184 944 2203; x_wconf 85' lang='lat'>111.</span> <span class='ocrx_word' id='word_1_385' title='bbox 970 2172 1005 2202; x_wconf 85' lang='lat' dir='ltr'>fr.</span> <span class='ocrx_word' id='word_1_386' title='bbox 1024 2183 1052 2202; x_wconf 92' lang='lat' dir='ltr'>n.</span> <span class='ocrx_word' id='word_1_387' title='bbox 1092 2169 1276 2201; x_wconf 81' lang='lat' dir='ltr'>Adalradus</span> <span class='ocrx_word' id='word_1_388' title='bbox 1300 2169 1368 2210; x_wconf 86' lang='lat' dir='ltr'>pbr.</span> <span class='ocrx_word' id='word_1_389' title='bbox 1394 2172 1427 2199; x_wconf 86' lang='lat' dir='ltr'>et</span> <span class='ocrx_word' id='word_1_390' title='bbox 1450 2180 1490 2199; x_wconf 94' lang='lat' dir='ltr'>m.</span> <span class='ocrx_word' id='word_1_391' title='bbox 1516 2169 1555 2199; x_wconf 89' lang='lat' dir='ltr'>de</span> <span class='ocrx_word' id='word_1_392' title='bbox 1574 2168 1690 2199; x_wconf 78' lang='lat' dir='ltr'>Sancto</span> <span class='ocrx_word' id='word_1_393' title='bbox 1707 2169 1884 2211; x_wconf 54' lang='lat' dir='ltr'>NVicperto.</span> 
     </span>
     <span class='ocr_line' id='line_1_67' title="bbox 600 2219 1885 2266; baseline -0.002 -11"><span class='ocrx_word' id='word_1_394' title='bbox 600 2224 727 2255; x_wconf 78' lang='lat' dir='ltr'>Ulrieus</span> <span class='ocrx_word' id='word_1_395' title='bbox 751 2225 820 2266; x_wconf 88' lang='lat' dir='ltr'>pbr.</span> <span class='ocrx_word' id='word_1_396' title='bbox 847 2228 878 2255; x_wconf 74' lang='lat' dir='ltr'>et</span> <span class='ocrx_word' id='word_1_397' title='bbox 901 2235 941 2255; x_wconf 88' lang='lat' dir='ltr'>m.</span> <span class='ocrx_word' id='word_1_398' title='bbox 968 2223 1007 2254; x_wconf 87' lang='lat' dir='ltr'>de</span> <span class='ocrx_word' id='word_1_399' title='bbox 1034 2223 1151 2253; x_wconf 82' lang='lat' dir='ltr'>Sancto</span> <span class='ocrx_word' id='word_1_400' title='bbox 1177 2220 1379 2251; x_wconf 79' lang='lat' dir='ltr'>Sebastiano.</span> <span class='ocrx_word' id='word_1_401' title='bbox 1419 2219 1581 2251; x_wconf 81' lang='lat' dir='ltr'>Gisloldus</span> <span class='ocrx_word' id='word_1_402' title='bbox 1605 2221 1746 2252; x_wconf 84' lang='lat' dir='ltr'>subdiac.</span> <span class='ocrx_word' id='word_1_403' title='bbox 1786 2222 1885 2252; x_wconf 85' lang='lat' dir='ltr'>Hert-</span> 
     </span>
     <span class='ocr_line' id='line_1_68' title="bbox 599 2272 1884 2313; baseline -0.002 -7"><span class='ocrx_word' id='word_1_404' title='bbox 599 2277 696 2307; x_wconf 68' lang='lat' dir='ltr'>wicus</span> <span class='ocrx_word' id='word_1_405' title='bbox 721 2276 862 2307; x_wconf 68' lang='lat' dir='ltr'>subdiac.</span> <span class='ocrx_word' id='word_1_406' title='bbox 899 2279 930 2305; x_wconf 80' lang='lat' dir='ltr'>et</span> <span class='ocrx_word' id='word_1_407' title='bbox 954 2286 994 2306; x_wconf 89' lang='lat' dir='ltr'>m.</span> <span class='ocrx_word' id='word_1_408' title='bbox 1025 2274 1065 2305; x_wconf 85' lang='lat' dir='ltr'>do</span> <span class='ocrx_word' id='word_1_409' title='bbox 1095 2273 1212 2303; x_wconf 83' lang='lat' dir='ltr'>Sancto</span> <span class='ocrx_word' id='word_1_410' title='bbox 1234 2272 1463 2302; x_wconf 86' lang='lat' dir='ltr'>Emmrammo.</span> <span class='ocrx_word' id='word_1_411' title='bbox 1510 2272 1671 2302; x_wconf 83' lang='lat' dir='ltr'>Arnoldus</span> <span class='ocrx_word' id='word_1_412' title='bbox 1694 2273 1763 2313; x_wconf 88' lang='lat' dir='ltr'>pbr.</span> <span class='ocrx_word' id='word_1_413' title='bbox 1789 2277 1821 2304; x_wconf 82' lang='lat' dir='ltr'>ot</span> <span class='ocrx_word' id='word_1_414' title='bbox 1844 2284 1884 2304; x_wconf 92' lang='lat' dir='ltr'>m.</span> 
     </span>
     <span class='ocr_line' id='line_1_69' title="bbox 600 2322 1887 2367; baseline -0.002 -9"><span class='ocrx_word' id='word_1_415' title='bbox 600 2327 639 2358; x_wconf 82' lang='lat' dir='ltr'>de</span> <span class='ocrx_word' id='word_1_416' title='bbox 665 2328 781 2358; x_wconf 83' lang='lat' dir='ltr'>Sancto</span> <span class='ocrx_word' id='word_1_417' title='bbox 806 2327 998 2358; x_wconf 68' lang='lat' dir='ltr'>Michahele.</span> <span class='ocrx_word' id='word_1_418' title='bbox 1046 2325 1116 2367; x_wconf 85' lang='lat' dir='ltr'>[Ch.</span> <span class='ocrx_word' id='word_1_419' title='bbox 1143 2325 1210 2366; x_wconf 91' lang='lat' dir='ltr'>pbr.</span> <span class='ocrx_word' id='word_1_420' title='bbox 1237 2328 1268 2354; x_wconf 84' lang='lat' dir='ltr'>et</span> <span class='ocrx_word' id='word_1_421' title='bbox 1291 2334 1332 2354; x_wconf 89' lang='lat' dir='ltr'>m.</span> <span class='ocrx_word' id='word_1_422' title='bbox 1357 2322 1473 2353; x_wconf 83' lang='lat' dir='ltr'>Sancte</span> <span class='ocrx_word' id='word_1_423' title='bbox 1490 2323 1591 2354; x_wconf 83' lang='lat' dir='ltr'>Mario</span> <span class='ocrx_word' id='word_1_424' title='bbox 1615 2325 1645 2354; x_wconf 85' lang='lat' dir='ltr'>in</span> <span class='ocrx_word' id='word_1_425' title='bbox 1663 2324 1800 2355; x_wconf 78' lang='lat' dir='ltr'>Gersten</span> <span class='ocrx_word' id='word_1_426' title='bbox 1825 2323 1887 2367; x_wconf 89' lang='lat' dir='ltr'>ob.]</span> 
     </span>
    </p>
   </div>
   <div class='ocr_carea' id='block_1_39' title="bbox 543 2374 1888 2619">
    <p class='ocr_par' dir='ltr' id='par_1_47' title="bbox 600 2374 1857 2408">
     <span class='ocr_line' id='line_1_70' title="bbox 600 2374 1857 2408; baseline -0.002 -4"><span class='ocrx_word' id='word_1_427' title='bbox 600 2379 734 2404; x_wconf 76' lang='lat' dir='ltr'>Dominus</span> <span class='ocrx_word' id='word_1_428' title='bbox 754 2379 894 2407; x_wconf 69' lang='lat' dir='ltr'>Iohannes,</span> <span class='ocrx_word' id='word_1_429' title='bbox 915 2379 976 2403; x_wconf 84' lang='lat' dir='ltr'>olim</span> <span class='ocrx_word' id='word_1_430' title='bbox 997 2386 1021 2402; x_wconf 72' lang='lat' dir='ltr'>n.</span> <span class='ocrx_word' id='word_1_431' title='bbox 1041 2385 1078 2408; x_wconf 67' lang='lat' dir='ltr'>egl.</span> <span class='ocrx_word' id='word_1_432' title='bbox 1094 2376 1238 2408; x_wconf 52' lang='lat' dir='ltr'>proffessus,</span> <span class='ocrx_word' id='word_1_433' title='bbox 1259 2375 1313 2400; x_wconf 69' lang='lat' dir='ltr'>ahl).</span> <span class='ocrx_word' id='word_1_434' title='bbox 1333 2374 1464 2400; x_wconf 75' lang='lat' dir='ltr'>secundus</span> <span class='ocrx_word' id='word_1_435' title='bbox 1482 2375 1512 2399; x_wconf 77' lang='lat' dir='ltr'>in</span> <span class='ocrx_word' id='word_1_436' title='bbox 1532 2378 1616 2399; x_wconf 66' lang='lat' dir='ltr'>monte</span> <span class='ocrx_word' id='word_1_437' title='bbox 1635 2378 1725 2400; x_wconf 75' lang='lat' dir='ltr'>sancto</span> <span class='ocrx_word' id='word_1_438' title='bbox 1746 2375 1857 2401; x_wconf 39' lang='lat' dir='ltr'>Audet-z.</span> 
     </span>
    </p>

    <p class='ocr_par' dir='ltr' id='par_1_48' title="bbox 543 2418 1888 2619">
     <span class='ocr_line' id='line_1_71' title="bbox 543 2418 1886 2463; baseline -0.001 -11"><span class='ocrx_word' id='word_1_439' title='bbox 543 2422 699 2463; x_wconf 79' lang='lat' dir='ltr'>Heripato</span> <span class='ocrx_word' id='word_1_440' title='bbox 728 2423 801 2453; x_wconf 79' lang='lat' dir='ltr'>abb.</span> <span class='ocrx_word' id='word_1_441' title='bbox 820 2422 960 2453; x_wconf 67' lang='lat' dir='ltr'>Solensis</span> <span class='ocrx_word' id='word_1_442' title='bbox 984 2421 1020 2451; x_wconf 89' lang='lat' dir='ltr'>fr.</span> <span class='ocrx_word' id='word_1_443' title='bbox 1045 2432 1074 2452; x_wconf 82' lang='lat'>11.</span> <span class='ocrx_word' id='word_1_444' title='bbox 1113 2418 1302 2450; x_wconf 72' lang='lat' dir='ltr'>Wolf-ardus</span> <span class='ocrx_word' id='word_1_445' title='bbox 1325 2429 1372 2459; x_wconf 90' lang='lat' dir='ltr'>pr.</span> <span class='ocrx_word' id='word_1_446' title='bbox 1398 2421 1429 2448; x_wconf 83' lang='lat' dir='ltr'>et</span> <span class='ocrx_word' id='word_1_447' title='bbox 1452 2429 1492 2449; x_wconf 92' lang='lat' dir='ltr'>m.</span> <span class='ocrx_word' id='word_1_448' title='bbox 1518 2418 1557 2449; x_wconf 88' lang='lat' dir='ltr'>de</span> <span class='ocrx_word' id='word_1_449' title='bbox 1576 2418 1693 2449; x_wconf 81' lang='lat' dir='ltr'>Sancto</span> <span class='ocrx_word' id='word_1_450' title='bbox 1707 2418 1886 2460; x_wconf 53' lang='lat' dir='ltr'>XVieperto.</span> 
     </span>
     <span class='ocr_line' id='line_1_72' title="bbox 599 2469 1887 2515; baseline -0.002 -11"><span class='ocrx_word' id='word_1_451' title='bbox 599 2474 689 2505; x_wconf 83' lang='lat' dir='ltr'>Pabo</span> <span class='ocrx_word' id='word_1_452' title='bbox 715 2475 783 2515; x_wconf 85' lang='lat' dir='ltr'>pbr.</span> <span class='ocrx_word' id='word_1_453' title='bbox 810 2478 842 2505; x_wconf 89' lang='lat' dir='ltr'>et</span> <span class='ocrx_word' id='word_1_454' title='bbox 865 2485 905 2504; x_wconf 86' lang='lat' dir='ltr'>m.</span> <span class='ocrx_word' id='word_1_455' title='bbox 931 2473 970 2504; x_wconf 82' lang='lat' dir='ltr'>de</span> <span class='ocrx_word' id='word_1_456' title='bbox 996 2473 1112 2503; x_wconf 82' lang='lat' dir='ltr'>Sancto</span> <span class='ocrx_word' id='word_1_457' title='bbox 1129 2471 1294 2502; x_wconf 80' lang='lat' dir='ltr'>Mauricio.</span> <span class='ocrx_word' id='word_1_458' title='bbox 1340 2469 1529 2500; x_wconf 73' lang='lat' dir='ltr'>Plsehalcus</span> <span class='ocrx_word' id='word_1_459' title='bbox 1545 2470 1687 2501; x_wconf 79' lang='lat' dir='ltr'>subdiac.</span> <span class='ocrx_word' id='word_1_460' title='bbox 1713 2470 1752 2501; x_wconf 84' lang='lat' dir='ltr'>de</span> <span class='ocrx_word' id='word_1_461' title='bbox 1770 2471 1887 2501; x_wconf 83' lang='lat' dir='ltr'>Sancto</span> 
     </span>
     <span class='ocr_line' id='line_1_73' title="bbox 600 2521 1888 2568; baseline -0.003 -11"><span class='ocrx_word' id='word_1_462' title='bbox 600 2525 800 2557; x_wconf 80' lang='lat' dir='ltr'>Sebastiano.</span> <span class='ocrx_word' id='word_1_463' title='bbox 826 2526 896 2568; x_wconf 80' lang='lat' dir='ltr'>[Pie</span> <span class='ocrx_word' id='word_1_464' title='bbox 913 2525 1068 2556; x_wconf 85' lang='lat' dir='ltr'>memorie</span> <span class='ocrx_word' id='word_1_465' title='bbox 1086 2524 1244 2564; x_wconf 73' lang='lat' dir='ltr'>dompnus</span> <span class='ocrx_word' id='word_1_466' title='bbox 1258 2521 1417 2552; x_wconf 85' lang='lat' dir='ltr'>Iohannes</span> <span class='ocrx_word' id='word_1_467' title='bbox 1433 2521 1496 2552; x_wconf 83' lang='lat' dir='ltr'>abb</span> <span class='ocrx_word' id='word_1_468' title='bbox 1521 2523 1706 2552; x_wconf 79' lang='lat' dir='ltr'>monasterii</span> <span class='ocrx_word' id='word_1_469' title='bbox 1720 2522 1888 2553; x_wconf 84' lang='lat' dir='ltr'>Scotorum</span> 
     </span>
     <span class='ocr_line' id='line_1_74' title="bbox 600 2576 1386 2619; baseline -0.001 -12"><span class='ocrx_word' id='word_1_470' title='bbox 600 2578 749 2619; x_wconf 46' lang='lat' dir='ltr'>XVyenne</span> <span class='ocrx_word' id='word_1_471' title='bbox 774 2578 810 2609; x_wconf 86' lang='lat' dir='ltr'>fr.</span> <span class='ocrx_word' id='word_1_472' title='bbox 836 2576 875 2619; x_wconf 65' lang='grc' dir='ltr'>η]</span> <span class='ocrx_word' id='word_1_473' title='bbox 908 2588 931 2610; x_wconf 76' lang='lat' dir='ltr'>ct</span> <span class='ocrx_word' id='word_1_474' title='bbox 949 2585 1107 2616; x_wconf 72' lang='lat' dir='ltr'>reformator</span> <span class='ocrx_word' id='word_1_475' title='bbox 1125 2583 1205 2608; x_wconf 75' lang='lat' dir='ltr'>huius</span> <span class='ocrx_word' id='word_1_476' title='bbox 1224 2581 1386 2607; x_wconf 64' lang='lat' dir='ltr'>monasterii.</span> 
     </span>
    </p>
   </div>
   <div class='ocr_carea' id='block_1_40' title="bbox 355 2658 1779 2684">
    <p class='ocr_par' dir='ltr' id='par_1_49' title="bbox 355 2658 1779 2684">
     <span class='ocr_line' id='line_1_75' title="bbox 355 2658 1779 2684; baseline 0 0"><span class='ocrx_word' id='word_1_477' title='bbox 355 2658 1779 2684; x_wconf 95' lang='lat' dir='ltr'> </span> 
     </span>
    </p>
   </div>
   <div class='ocr_carea' id='block_1_41' title="bbox 348 2748 913 2781">
    <p class='ocr_par' dir='ltr' id='par_1_50' title="bbox 348 2748 913 2781">
     <span class='ocr_line' id='line_1_76' title="bbox 348 2748 913 2781; baseline 0.004 -8"><span class='ocrx_word' id='word_1_478' title='bbox 348 2749 367 2781; x_wconf 93' lang='lat'>¹)</span> <span class='ocrx_word' id='word_1_479' title='bbox 388 2748 462 2774; x_wconf 78' lang='lat' dir='ltr'>Nota</span> <span class='ocrx_word' id='word_1_480' title='bbox 481 2749 563 2774; x_wconf 76' lang='lat' dir='ltr'>medio</span> <span class='ocrx_word' id='word_1_481' title='bbox 583 2750 686 2775; x_wconf 75' lang='lat' dir='ltr'>saeculo</span> <span class='ocrx_word' id='word_1_482' title='bbox 707 2749 754 2775; x_wconf 82' lang='lat' dir='ltr'>XI</span> <span class='ocrx_word' id='word_1_483' title='bbox 764 2749 792 2775; x_wconf 82' lang='lat' dir='ltr'>V.</span> <span class='ocrx_word' id='word_1_484' title='bbox 812 2750 913 2776; x_wconf 63' lang='lat' dir='ltr'>addita.</span> 
     </span>
    </p>
   </div>
  </div>
 </body>
</html>
