2085 2999
289 176 397 202 LIBER
417 175 660 203 OBLATIONUM
679 175 724 200 ET
744 174 962 201 ASSIGNATIO
982 174 1228 200 ANNIVERSAR.
1248 174 1408 200 MONAST.
1428 174 1731 201 TEGERNSEENSIS.
1778 177 1831 206 171
1869 206 1874 211 1

243 279 290 305 IV.
304 279 359 305 kal.
404 278 444 304 23.
490 269 580 311 [Otto
606 280 686 300 com.
713 269 752 300 de
776 269 880 310 Valay
905 270 955 300 ob.
980 280 1062 300 anno
1088 269 1207 300 domini
1237 270 1329 309 1268,
1358 270 1389 300 in
1414 270 1502 300 cuius
1527 270 1637 311 vigilia
1667 274 1700 301 ct
1728 272 1759 302 in
1784 271 1835 302 die

544 321 714 352 conventui
732 320 847 352 dantur
863 321 1097 352 consolationes
1114 321 1289 352 secundum
1307 322 1519 362 quantitatem
1536 322 1695 353 fructuum
1711 323 1835 354 molen-

545 372 609 403 dini
632 372 809 403 Mittermfil
832 373 865 403 in
889 371 998 403 (111-101110
1023 376 1101 413 aput
1128 373 1231 413 ripam
1254 373 1467 413 Manichvalt,
1498 373 1584 414 quod
1611 374 1741 405 illustris
1769 374 1835 405 dim

544 423 715 454 Ludwicus
738 424 886 455 Bawarie
911 427 944 454 et
967 435 1048 455 uxor
1073 435 1129 454 sua
1146 425 1240 454 Anna
1264 424 1380 455 eadem
1397 425 1583 456 condicione
1607 436 1667 456 nee
1690 437 1753 457 non
1777 437 1835 467 pro

544 475 687 506 remedio
705 476 883 506 animarum
900 485 1029 506 suarum
1045 475 1118 506 huie
1141 476 1344 507 contulerunt
1359 477 1555 507 monasterio
1572 477 1603 507 111
1619 477 1835 515 infirmariam⁷

545 530 577 558 et
600 527 797 568 pauperibus
820 526 945 557 modius
969 527 1063 568 siguli
1087 526 1268 569 tribuatur]

874 650 1140 686 DECEMBER.

298 731 351 758 kal,
418 733 440 758 1,
487 723 707 765 [Meinhardus
731 724 823 754 miles
848 724 887 755 dc
913 724 1037 766 Gisling
1062 725 1123 764 ob„
1147 725 1362 756 ministerialis
1386 725 1478 755 huius
1504 725 1654 765 ecclesie,
1684 726 1737 767 qui
1768 726 1834 767 (ob)

544 776 591 805 sui
622 778 655 806 et
682 776 792 806 uxoris
820 786 876 806 sue
905 775 1125 817 Chunigundis
1155 776 1333 807 remedium
1363 776 1474 807 tribuit
1502 776 1649 817 predium
1674 777 1705 807 in
1728 778 1835 817 Baith,

541 830 576 857 ut
600 826 751 857 fratribus
776 837 813 857 eo
839 827 891 857 die
917 827 956 858 de
980 828 1049 868 ipso
1075 827 1187 868 predio
1211 829 1409 859 ministretur
1437 828 1478 858 ab
1503 828 1669 869 oblegerio
1700 832 1733 859 ct
1755 840 1835 870 pau-

543 877 674 918 peribus
699 877 874 908 elemosina
899 878 1046 921 detur.1)]

237 936 361 963 HLnon.
415 937 439 963 3.
487 928 725 971 [Perichtoldus
749 929 934 960 Velslozzus
957 930 1174 961 ministerialis
1204 930 1298 961 huius
1321 931 1507 961 monasterii
1531 930 1582 961 ob.
1608 942 1690 962 anno
1715 932 1835 963 domini

545 983 643 1020 1300,
674 981 727 1021 qui
759 981 891 1011 tradidit
918 982 1011 1012 nobis
1042 981 1161 1012 hfibam
1189 982 1220 1012 in
1244 982 1493 1023 Haunsteteffl),
1521 986 1557 1013 ut
1583 984 1834 1014 anniversarium

541 1043 633 1063 suum
662 1035 694 1063 et
722 1033 831 1063 uxoris
861 1043 917 1064 sue
949 1037 1124 1074 peragatur
1147 1034 1263 1075 vigiliis
1293 1037 1325 1064 et
1352 1035 1520 1065 missarum
1549 1034 1835 1076 celebracionibus,

541 1084 572 1113 in
597 1083 727 1124 oblegia
742 1087 851 1114 nostra
873 1095 957 1115 nova
973 1085 1105 1115 asscribi
1121 1085 1222 1125 iussit⁷
1245 1088 1280 1116 ut
1304 1085 1453 1116 fratribus
1471 1086 1586 1116 caritas
1610 1086 1641 1116 111
1658 1087 1834 1119 refectione

543 1135 605 1165 cibi
629 1137 661 1166 et
684 1138 779 1176 potus
802 1135 876 1166 inde
902 1136 1104 1177 exhibeatur,
1129 1147 1201 1167 cum
1226 1137 1472 1168 elemosinarum
1496 1137 1691 1180 largitione]

253 1193 362 1220 11.n0n.
415 1194 440 1220 4,
486 1185 667 1227 [Alhaeidis
700 1198 782 1217 uxor
814 1177 915 1218 Unici
939 1187 1098 1218 Velslozzi
1133 1188 1201 1228 ob„
1235 1189 1267 1218 in
1300 1188 1388 1218 cuius
1418 1189 1597 1220 remedium
1627 1190 1719 1221 nobis
1747 1191 1833 1222 idem

541 1242 670 1273 Velsloz
696 1243 829 1273 contulit
852 1243 999 1284 predium
1024 1254 1115 1274 suum
1140 1244 1234 1274 situm
1263 1244 1294 1274 in
1318 1229 1522 1284 sitenhusem
1548 1245 1637 1275 cuius
1661 1250 1835 1286 proventus

539 1294 632 1324 nobis
660 1294 785 1325 medius
815 1295 910 1326 cedet
933 1295 1002 1336 ipso
1028 1296 1168 1333 vivente,
1197 1299 1324 1326 mortuo
1349 1306 1424 1327 vcro
1449 1299 1534 1327 totus
1557 1298 1673 1327 nostris
1698 1297 1835 1339 oblagiis

541 1345 759 1388 subscriptus]

294 1412 354 1430 non.
409 1404 432 1429 5,
479 1395 569 1438 [Otto
594 1397 634 1428 de
664 1397 862 1428 Porterhaus
895 1398 956 1433 ob.,
988 1399 1041 1439 qui
1066 1398 1200 1429 eontulit
1224 1398 1303 1429 duas
1334 1400 1438 1429 curias
1461 1399 1582 1430 ibidem
1607 1411 1664 1440 pro
1689 1401 1833 1433 remedio

541 1449 647 1479 anime
672 1459 745 1488 sue,
774 1460 853 1490 quas
881 1450 911 1479 in
936 1449 1065 1490 oblegia
1096 1453 1205 1480 nostra
1229 1450 1361 1480 asscribi
1386 1451 1491 1491 iussit,
1524 1455 1559 1481 ut
1582 1453 1834 1484 anniversarium

541 1511 630 1531 suum
655 1501 824 1531 missarum
849 1505 881 1532 et
898 1501 1078 1542 vigiliarum
1096 1501 1318 1533 celebracione
1344 1506 1376 1532 et
1393 1502 1641 1534 elemosinarum
1658 1504 1832 1545 largicione

539 1555 723 1593 peragatur.
733 1552 737 1594 1

230 1608 327 1635 171111,
408 1609 431 1636 8,
478 1601 682 1634 Camerarius
713 1606 808 1634 noete
839 1605 989 1644 propinat
1022 1607 1055 1635 et
1083 1604 1135 1634 die
1168 1604 1327 1635 ministrat
1351 1605 1548 1645 pauperibus
1572 1607 1715 1638 modium
1739 1608 1833 1649 siguli

538 1654 578 1685 de
603 1655 704 1686 tribus
728 1655 857 1696 prediis,
882 1667 944 1696 que
968 1656 1051 1687 bone
1076 1657 1230 1687 memorie
1248 1656 1449 1687 wernherus
1465 1659 1660 1689 camerarius
1677 1670 1833 1690 consensu

540 1706 640 1738 felicis
663 1707 822 1749 Rfidperti
855 1708 982 1739 abbatis
1007 1709 1207 1748 conparavit,
1232 1709 1292 1739 sita
1316 1719 1392 1739 vero
1417 1714 1489 1739 sunt
1513 1709 1576 1740 duo
1601 1714 1679 1751 aput
1702 1711 1832 1749 Walde,

541 1759 675 1789 tercium
700 1758 963 1800 Schai·fsperge.*
987 1780 1027 1784 —
1053 1758 1133 1801 [Ego
1144 1760 1168 1799 3)
1193 1759 1356 1800 Rupcrtus
1381 1760 1432 1791 dei
1456 1762 1565 1801 gracia
1590 1762 1832 1803 Tegrinseensis

540 1809 656 1849 abbas,
687 1811 819 1841 diversis
850 1822 955 1841 rerum
980 1811 1153 1852 providens
1177 1812 1345 1842 eventibus
1370 1816 1403 1842 et
1426 1812 1543 1843 dilecte
1569 1815 1832 1855 congregacionis

538 1861 744 1901 utilitatibus,
774 1863 974 1893 universitati
1003 1862 1146 1893 fidelium
1180 1866 1244 1893 tam
1274 1864 1494 1904 presencium7
1527 1875 1623 1905 quam
1652 1865 1831 1897 futurorum

506 1904 508 1906 Ι
540 1913 679 1953 insinuo,
716 1914 801 1954 quod
830 1914 1030 1945 wernherus
1059 1915 1254 1945 camerarius
1286 1918 1318 1945 et
1349 1916 1482 1946 sacrista
1512 1916 1605 1946 huius
1635 1919 1832 1955 monasterii,

538 1967 631 1995 natus
655 1965 694 1995 de
710 1965 904 2006 Ffinsingen,
930 1967 990 1996 tria
1007 1965 1120 2006 predia
1137 1967 1332 2006 conparavit„
1357 1977 1454 1997 unum
1479 1967 1519 1997 ab
1537 1967 1701 1999 Alberonc
1726 1980 1831 2001 saeer-

541 2015 616 2047 dote
647 2016 686 2047 de
711 2016 855 2058 W⁷arng6
885 2028 942 2058 pro
968 2018 1107 2058 quinque
1133 2017 1276 2057 talentis,
1310 2018 1395 2058 quod
1431 2019 1461 2049 in
1485 2019 1604 2049 Walde
1641 2020 1737 2051 situm
1773 2025 1831 2062 est⁷

539 2067 626 2098 aliud
650 2078 668 2098 a
684 2068 865 2099 &Valcho'no
891 2068 930 2099 de
956 2068 1147 2099 Gemunden
1172 2072 1204 2099 et
1227 2068 1337 2099 liberis
1361 2070 1424 2099 suis
1449 2081 1506 2110 pro
1531 2074 1669 2111 quatuor
1692 2072 1831 2111 talentis,

539 2119 673 2149 tercium
698 2130 716 2149 a
745 2119 904 2160 Sighardo
935 2120 1053 2150 Scharf
1078 2123 1110 2151 et
1139 2120 1211 2151 filiis
1240 2122 1305 2151 suis
1334 2132 1391 2161 pro
1424 2125 1562 2162 quatuor
1590 2123 1732 2163 talentis,
1769 2135 1831 2165 que

541 2174 619 2211 aput
650 2170 857 2212 Sweinperch
892 2173 953 2202 sita
989 2175 1078 2209 sunt,
1109 2172 1240 2203 consilio
1275 2176 1308 2203 et
1343 2184 1500 2204 consensu
1530 2178 1638 2205 nostro
1668 2186 1705 2206 ac
1730 2177 1832 2206 tocius

540 2224 803 2263 congregacionis
828 2227 987 2263 statuens,
1016 2227 1051 2254 ut
1075 2234 1116 2254 ex
1139 2224 1200 2254 hiis
1223 2225 1255 2254 in
1280 2224 1504 2265 Concepcione
1529 2229 1638 2257 sancte
1664 2226 1717 2257 dei
1739 2228 1830 2268 geni-

540 2274 627 2304 tricis
650 2274 752 2305 Marie
777 2286 849 2305 eum
874 2276 1068 2316 erogaeione
1084 2275 1332 2306 elemosinarum
1351 2276 1502 2307 fratribus
1527 2278 1643 2308 caritas
1667 2280 1831 2310 annuatim

539 2325 749 2366 persolvatur.
795 2326 953 2358 Preterea
977 2327 1040 2357 alia
1065 2327 1125 2357 tria
1143 2327 1255 2367 predia
1280 2338 1337 2368 pro
1355 2338 1465 2359 amore
1483 2330 1583 2359 sancti
1607 2330 1707 2370 patris
1724 2330 1830 2362 Bene—

539 2377 615 2407 dicti
639 2379 834 2418 conparavit,
858 2389 955 2409 unum
979 2389 998 2409 a
1018 2379 1213 2409 monasterio
1239 2378 1352 2409 Sewen
1377 2390 1433 2420 pro
1452 2380 1564 2411 decem
1583 2381 1720 2421 talentis,
1746 2382 1831 2423 quod

539 2429 569 2459 in
595 2428 775 2460 Stocohahe
800 2431 894 2460 situm
921 2434 982 2469 est,
1012 2434 1044 2461 et
1077 2430 1164 2461 aliud
1193 2430 1234 2461 ad
1266 2431 1620 2472 Hainrichesprunnen,
1646 2433 1733 2473 quod
1757 2444 1831 2464 con-

539 2483 687 2520 paratum
720 2484 769 2511 cst
797 2492 816 2512 a
839 2482 992 2512 Lodwico
1024 2482 1165 2512 censuali
1197 2484 1297 2512 sancti
1323 2482 1456 2523 Quiryni
1485 2486 1518 2514 et
1541 2494 1642 2514 uxore
1674 2485 1743 2515 eius
1771 2496 1829 2526 pro

541 2535 678 2572 quatuor
694 2533 833 2570 talentis,
857 2534 992 2564 tercium
1017 2533 1058 2564 ad
1074 2532 1154 2564 Ffirt
1177 2544 1196 2564 a
1213 2534 1353 2574 quodam
1370 2535 1508 2575 ingenuo
1526 2535 1593 2565 viro
1618 2546 1675 2576 pro
1694 2539 1830 2576 quatuor

540 2583 680 2623 talentis,
705 2594 776 2614 eum
800 2585 914 2625 quibus
938 2584 1105 2615 basilicam
1129 2585 1266 2625 predicti
1292 2585 1499 2620 confessoris,
1530 2597 1625 2627 quam
1651 2590 1683 2617 et-
1705 2588 1774 2628 ipse
1798 2589 1829 2618 in

284 2754 302 2783 1)
324 2753 384 2779 Ass.
404 2761 469 2780 ann.
488 2753 557 2779 lianc
577 2756 665 2779 notam
685 2754 738 2780 iam
757 2754 794 2780 ml
812 2758 852 2781 10.
868 2756 940 2781 Maii
959 2757 1076 2789 scripsit,-
1090 2765 1140 2789 μυ
1160 2756 1245 2783 Baith
1264 2756 1337 2782 habet
1351 2757 1437 2782 cadem
1451 2757 1546 2790 Wayt.
1638 2758 1657 2789 ²)
1676 2757 1735 2783 Ass.
1750 2765 1825 2782 (mn..-

179 2793 369 2827 Haymsteten.
477 2797 497 2828 ³)
518 2795 661 2829 Sequentia
679 2806 761 2823 mann
781 2799 923 2824 recentiore
943 2799 1015 2825 circa
1033 2808 1137 2825 (tantum
1158 2803 1224 2826 1300
1243 2800 1270 2825 in
1290 2800 1412 2834 maryine
1431 2800 1524 2826 addim
1543 2803 1614 2826 sant.

1573 2852 1620 2867 01)*

1574 2870 1604 2878 ...ι
