2085 2999
210 118 273 147 250
422 115 528 142 LIBER
547 113 907 141 ANNIVERSARIORUM
926 113 1103 140 FRATRUM
1122 113 1297 140 MINORUM
1316 114 1648 142 RATISBONENSIUM.

574 209 651 235 dedit
677 208 711 234 ‘20
730 208 846 234 florenos
871 207 1018 234 Renenses.
1065 207 1146 241 [Item
1173 207 1377 234 anniversarius
1404 217 1535 243 generose
1563 208 1671 235 domine
1698 209 1861 236 Adelhaidis

573 252 606 278 de
626 251 782 285 Aychperg,
802 250 895 277 uxoris
913 250 1016 277 nobilis
1035 250 1139 277 domiui
1154 250 1267 277 loha-nis
1285 251 1318 277 de
1332 251 1483 278 Paulstorff
1493 251 1684 286 vicegwentis,
1704 252 1862 279 celebratur

572 294 690 328 singulis
709 293 832 328 angariis
852 302 913 320 cum
933 293 1040 327 vigilia,
1059 293 1144 320 inissa
1162 294 1354 320 defunctorum
1375 296 1403 320 et
1422 295 1440 321 4
1457 294 1547 320 missis
1566 295 1659 326 lectis,
1686 303 1736 329 pro
1761 295 1861 328 quibus

573 337 675 370 recipit
695 339 846 363 conventus
865 336 983 370 singulis
1002 336 1081 363 annis
1102 337 1153 363 1032
1166 337 1182 369 ᾧ
1196 336 1483 371 Ratisponensium.¹)]

272 381 380 408 11.kal.
426 381 467 407 30.
522 380 572 406 Ob.
601 379 714 406 domina
742 380 835 414 Agnes
854 379 995 410 Vesl²arin‚
1023 379 1069 406 hio
1097 380 1221 413 sepulta,
1250 388 1323 406 anno
1352 380 1456 406 domini
1484 381 1603 414 1382.*²)
1648 380 1862 407 Anniversarius

572 423 689 449 Fridrici
717 422 824 453 Sehell,
851 422 970 455 Agnetis
996 422 1090 449 uxoris
1118 423 1284 449 celebratur.
1331 423 1544 450 Anniversarius
1573 423 1691 450 Fridrici
1719 424 1862 457 Notangst

572 466 731 492 celebratur
750 467 814 499 post
833 465 1028 492 Reminiseere.

923 579 1151 616 MARTIUS.

326 646 381 672 kal.
448 646 470 671 1.
525 644 739 671 Annivm-sarius
758 645 875 671 Erhardi
895 644 1018 675 Strauss,
1038 644 1125 679 Marg.
1146 644 1238 671 uxoris
1258 645 1383 677 Quatuor
1402 645 1568 679 Temporum
1587 645 1617 671 in
1636 646 1862 680 Quadragesima,

572 689 634 714 octo
654 687 713 714 dies
732 691 797 714 ante
817 688 861 714 vel
881 689 953 722 post,
973 688 1131 714 celebratur
1149 687 1199 714 sub
1219 697 1293 721 pena
1312 697 1374 714 cum
1393 689 1409 714 2
1427 688 1518 714 missis
1537 688 1626 715 lectis.

263 732 310 759 VI.
323 741 387 759 non.
440 732 464 757 2.
518 730 734 758 Anniversarius
749 730 866 757 Fridriei
880 730 1156 765 Swaingkendorffer,
1175 731 1294 765 Agnetis
1307 731 1400 757 uxoris
1419 731 1576 758 celebratur
1594 731 1644 758 sub
1660 739 1741 765 pena.
1772 731 1862 765 [Anno

572 773 676 800 domini
705 773 770 799 1486
799 773 842 799 ob.
870 773 972 799 nobilis
999 772 1111 799 domina
1138 773 1302 807 Walpurgis
1329 773 1363 800 de
1391 773 1624 805 Seiberstorfft*³)
1656 783 1724 800 uxor
1757 773 1864 800 domini

571 816 702 843 Iohannis
721 817 754 842 de
773 816 926 842 Paulstorff
943 816 975 843 de
995 816 1118 846 Kurunn,
1138 815 1183 842 hic
1203 816 1332 850 sepulta]

325 870 388 888 non.
443 861 466 887 7.
521 860 591 887 Octo
611 859 669 886 dies
687 861 752 886 ante
772 859 817 886 vel
843 861 906 893 post
931 859 1136 885 anniversarius
1161 858 1271 886 domine
1299 859 1377 886 Anne
1402 858 1554 886 Falknerin
1579 859 1629 885 sub
1655 867 1728 893 pena
1747 859 1809 892 605
1828 859 1863 885 ad

569 902 717 935 hospitale.
755 901 977 935 [Anniversarius
995 901 1113 927 Fridriei
1133 901 1309 935 Lauterpech
1328 901 1502 935 celebratur]

262 949 308 975 VI.
323 949 358 975 id.
424 947 462 974 10.
517 946 596 972 Anno
615 944 720 971 domini
741 945 807 971 1418
825 945 868 971 ob.
888 945 1023 971 Nicolaus
1043 944 1221 971 Paulstorffer
1239 944 1272 970 de
1291 944 1505 976 Hauczenstain,
1524 944 1604 971 nobis
1623 943 1767 978 armiger.*

279 992 311 1018 V.
325 992 361 1018 id.
426 991 465 1017 11.
519 987 733 1015 Anniversarius
752 987 871 1014 Conradi
890 987 1004 1017 Humel.
1024 987 1185 1014 Elisabethe
1209 989 1237 1014 et
1256 987 1378 1014 Barbare
1405 996 1521 1014 uxorum
1546 987 1596 1013 sub
1616 996 1689 1021 pena
1708 986 1865 1013 celebratur

573 1033 639 1057 ante
660 1030 704 1057 vel
723 1033 787 1064 post
814 1030 916 1056 festum
935 1039 955 1056 S.
975 1030 1110 1065 Gregorii.
1147 1030 1361 1057 Anniversarius
1380 1030 1468 1064 Marg.
1487 1030 1614 1057 Federlin
1637 1030 1796 1057 celebratur
1814 1030 1864 1056 sub

572 1083 653 1108 pena.

269 1121 316 1148 IV.
330 1121 366 1147 id.
430 1120 469 1146 12.
524 1117 574 1144 Ob.
595 1117 721 1143 dominus
740 1116 887 1143 Heinricus
906 1116 939 1142 de
954 1116 1160 1150 Synczenhofen
1179 1116 1267 1147 miles,
1287 1116 1332 1143 hic
1351 1117 1486 1150 sepultus,
1507 1117 1613 1143 1417.**
1650 1117 1740 1151 [Anno
1759 1115 1865 1142 domini

571 1163 623 1187 ete.
653 1160 685 1186 78
717 1160 793 1186 starb
822 1159 930 1186 Conrad
958 1159 1160 1193 Gornelezpek,
1187 1160 1226 1185 im
1253 1160 1412 1186 Gfimelhoff
1432 1169 1574 1194 gesessen,
1603 1160 1650 1186 des
1678 1159 1772 1193 iartag
1800 1167 1866 1185 man

574 1204 663 1237 hegen
689 1203 730 1229 sol
750 1212 795 1229 am
808 1202 959 1233 mitichen,
980 1202 1120 1237 pfincztag
1139 1203 1204 1229 oder
1221 1202 1325 1237 freitag
1344 1203 1416 1229 nach
1439 1203 1624 1229 Reminiseere
1644 1203 1672 1229 in
1690 1203 1739 1229 der
1751 1202 1864 1233 Vasten‚

572 1249 600 1273 et
619 1248 773 1273 conventus
791 1246 878 1272 habet
897 1246 930 1272 60
943 1246 959 1279 ᾧ
973 1245 1219 1279 Ratisponensium
1239 1246 1272 1272 de
1292 1246 1435 1280 Kneyting
1454 1254 1507 1272 von
1527 1246 1590 1280 Iorg
1609 1245 1753 1280 Leupold.]

270 1295 320 1320 III.
333 1293 369 1319 id.
434 1291 473 1318 13.
528 1289 739 1316 Anniversarius
759 1290 836 1316 Ieute
857 1288 1106 1316 Wachtmaisterin
1126 1289 1284 1316 celebratur
1302 1289 1352 1315 sub
1372 1298 1453 1323 pena.

282 1337 315 1363 II.
329 1337 365 1363 id.
429 1335 468 1362 14.
523 1332 735 1360 Anniversarius
755 1332 860 1358 domini
879 1331 928 1358 Ch.
947 1332 1137 1363 Reichshofer,
1157 1332 1285 1358 canonici
1303 1332 1416 1359 maioris
1430 1332 1546 1359 ecclesie
1555 1333 1606 1364 ***‚
1626 1332 1783 1359 celebratur
1801 1334 1864 1359 octo

572 1376 631 1402 dies
650 1376 715 1401 ante
735 1375 779 1401 vel
800 1377 863 1409 post
882 1375 981 1401 Letare
1001 1376 1050 1401 sub
1071 1384 1158 1409 pena,
1182 1384 1254 1401 anno
1281 1375 1386 1401 domini
1411 1376 1485 1402 1443.
1521 1375 1735 1402 Anniversarius
1760 1375 1864 1402 domini

572 1418 702 1445 Iohannis
730 1418 870 1452 capellani
898 1418 990 1444 sancti
1017 1418 1121 1444 Albani
1149 1420 1177 1445 et
1206 1418 1295 1452 patris
1323 1418 1382 1444 eius
1410 1421 1438 1445 et
1466 1418 1551 1445 Kath.
1580 1418 1678 1445 matris
1708 1418 1866 1444 celebratur

574 1462 624 1487 sub
644 1470 723 1495 pena.

331 1507 369 1533 id.
435 1506 473 1532 15.
528 1505 577 1531 Ob.
598 1505 691 1539 Riiger
710 1505 854 1539 Tollinger
872 1504 917 1531 hic
936 1505 1063 1538 sepultus
1083 1513 1154 1531 anno
1175 1505 1280 1532 domini
1301 1504 1390 1531 1324*
1430 1504 1640 1531 Anniversarius
1659 1504 1706 1531 Ch.
1724 1503 1810 1530 Hofar
1829 1513 1864 1531 an

577 1549 639 1574 clem
653 1547 813 1574 Vischmart
833 1548 990 1574 celebratur
1008 1548 1058 1574 sub
1079 1557 1158 1581 pena.
1196 1547 1418 1582 [Anniversarius
1437 1547 1588 1574 Liebhardi
1608 1547 1757 1579 Tuechler,
1782 1547 1865 1574 Preid

573 1591 665 1617 uxoris
684 1591 842 1617 celebratur
860 1591 910 1616 sub
929 1599 1003 1624 pena
1022 1590 1144 1624 ordinis]

224 1636 311 1662 XVII.
326 1636 382 1662 kal.
430 1636 468 1662 16.
524 1634 746 1669 [Annivm-sarius
766 1634 870 1660 domini
890 1633 1020 1660 Iohannis
1040 1633 1148 1668 Har-ing
1166 1633 1332 1664 sacerdotis,
1359 1633 1485 1659 Hainrici
1510 1633 1618 1667 Haring
1646 1633 1734 1667 patris
1757 1634 1785 1660 et
1809 1642 1864 1659 om-

574 1677 651 1703 nium
671 1676 899 1711 (antecessorum)
927 1676 1084 1703 celebratur
1107 1678 1170 1703 octo
1194 1676 1252 1702 dies
1278 1678 1343 1703 ante
1370 1676 1413 1702 vel
1438 1678 1502 1710 post
1521 1675 1666 1703 Benedicti
1685 1678 1713 1703 et
1732 1676 1865 1710 Hailbeig

573 1719 673 1746 uxoris.
711 1719 921 1746 Annivm-sarius
942 1719 992 1745 Ch.
1011 1719 1140 1745 Eckhard
1160 1719 1189 1745 111
1209 1719 1256 1746 der
1275 1719 1366 1745 Grueb
1387 1719 1544 1745 celebratur
1562 1719 1612 1745 sub
1632 1718 1722 1753 pena]

241 1765 316 1790 XVI.
332 1764 388 1791 kal.
435 1764 474 1789 17.
528 1762 578 1789 Ob.
598 1763 725 1789 dominus
745 1762 862 1788 Kal-olus
881 1762 1003 1794 Paulscr,
1022 1762 1068 1788 hie
1087 1762 1221 1796 sepultus,
1241 1771 1313 1788 anno
1333 1761 1438 1788 domini
1459 1762 1549 1789 1330*

257 1808 314 1834 XV.
328 1807 384 1833 kal.
432 1806 470 1832 13.
525 1805 736 1832 Anniversarius
755 1805 860 1832 domini
880 1805 1005 1836 Fridrici,
1025 1805 1185 1836 sacerdotis,
1206 1805 1371 1832 celebratur.

241 1851 315 1877 XIV.
331 1851 386 1876 kal.
434 1850 471 1876 19.
527 1849 739 1875 Anniversarius
768 1849 918 1875 Lienharcli
945 1849 1087 1875 Pernhard
1122 1848 1235 1882 pistoris
1269 1848 1433 1875 celebratur.
1485 1847 1696 1874 Anniversarius
1724 1847 1865 1874 domicille

574 1892 705 1926 Wilburg
725 1891 890 1918 celebratur.
927 1891 1150 1926 [Anniversarius
1163 1891 1267 1918 domini
1286 1891 1367 1918 Pauli
1385 1891 1522 1922 Flenderl,
1543 1890 1683 1924 capellani
1702 1890 1730 1916 in
1750 1890 1866 1924 Gaylen-

574 1935 693 1965 hausen,
722 1937 924 1968 parentumque
953 1934 1074 1961 omnium
1099 1943 1210 1961 suorum
1236 1936 1264 1961 et
1290 1934 1568 1968 consanguineorum,
1591 1932 1738 1967 presertim
1762 1933 1866 1960 domini

573 1977 698 2003 Udalrici
718 1977 853 2007 Flenderl,
874 1977 988 2011 plebani
1008 1977 1037 2003 in
1057 1977 1213 2011 Playbach,
1239 1979 1267 2004 et
1291 1977 1401 2004 domine
1425 1976 1602 2011 Margarethe
1621 1976 1779 2007 Werderin,
1806 1985 1866 2010 per-

576 2023 659 2054 petue
684 2020 841 2046 celebratur
866 2020 934 2047 feria
959 2022 1038 2047 sexta
1062 2022 1127 2047 ante
1147 2021 1190 2046 vel
1210 2022 1274 2054 post
1293 2021 1399 2051 Letare,
1421 2022 1449 2046 et
1462 2019 1617 2046 insinuetur
1636 2019 1746 2046 domino
1764 2019 1866 2046 seniori

577 2062 764 2089 summissam-io
784 2063 899 2089 ecclesie
920 2063 1131 2097 Ratisponensis
1151 2065 1179 2090 et
1198 2063 1272 2090 idern
1299 2063 1436 2089 invitatur
1459 2063 1494 2089 ad
1521 2062 1669 2096 prandium
1694 2063 1807 2096 patrum
1832 2071 1864 2088 ac

576 2108 728 2132 conventus
748 2107 844 2133 eodem
864 2105 916 2137 die,
935 2105 983 2139 qui
1006 2115 1055 2139 pro
1075 2106 1171 2131 eodem
1185 2105 1373 2132 anniversario
1394 2105 1471 2132 dedit
1489 2104 1605 2131 calicem
1625 2104 1725 2131 valoris
1745 2104 1777 2130 24
1790 2104 1865 2130 flore-

574 2158 671 2175 norum
690 2150 718 2175 et
737 2150 816 2175 texta
836 2148 978 2175 volumina
997 2149 1033 2175 ad
1051 2148 1213 2182 librariam]

244 2192 317 2219 XIII.
332 2192 387 2219 kal.
432 2192 474 2219 20.
530 2191 580 2217 Ob.
609 2191 734 2217 dominus
762 2191 809 2217 Ch.
838 2191 1028 2219 Durnstetter.
1053 2192 1193 2225 qnondam
1219 2191 1399 2221 camerarius,
1428 2190 1608 2217 celebratum*
1652 2190 1729 2224 [1467
1757 2190 1800 2216 ob.
1832 2189 1863 2215 fr.

576 2234 712 2260 Fridricus
732 2234 854 2260 Cursoris
875 2234 907 2260 de
929 2235 1093 2268 Babenberg
1111 2244 1174 2265 sac„
1195 2234 1332 2261 confessor
1351 2237 1379 2260 et
1398 2233 1595 2267 terminatius]

257 2279 316 2304 XII.
331 2278 386 2304 kal.
432 2278 473 2304 21.
525 2277 736 2303 Anniversarius
755 2277 803 2303 Ch.
824 2286 872 2303 vor
897 2277 987 2303 Pruck
1011 2278 1176 2304 celebratur.
1213 2276 1424 2304 Anniversarius
1451 2276 1559 2302 Nicolai
1579 2275 1702 2309 Swaiger
1725 2277 1788 2302 octo
1807 2275 1865 2302 dies

573 2323 638 2347 ante
667 2320 710 2346 vel
738 2322 801 2354 post
830 2320 1083 2346 Annunciacionem
1111 2321 1268 2347 celebratur
1294 2321 1344 2346 sub
1370 2328 1450 2354 pena.
1496 2318 1706 2345 Anniversarius
1733 2319 1812 2345 Anne
1836 2321 1865 2345 et

577 2363 681 2390 Ceeilie
701 2372 815 2389 uxorum
835 2363 951 2389 Steffani
970 2363 1132 2389 Dondorffer
1151 2363 1308 2390 celebratur
1326 2363 1375 2389 sub
1395 2371 1474 2397 pena.

266 2406 314 2432 XI.
328 2406 383 2432 kal.
430 2407 472 2432 22.
527 2406 738 2432 Annivm-sarius
752 2406 896 2439 Magensin
914 2406 1071 2432 celebratur
1084 2407 1134 2433 sub
1148 2415 1221 2440 pena
1235 2407 1297 2432 octo
1311 2406 1370 2432 dies
1383 2408 1447 2432 ante
1467 2405 1511 2431 vel
1525 2407 1588 2439 post
1601 2403 1864 2430 Annunciacionem.

575 2450 645 2475 Item
663 2449 867 2476 anniversarius
887 2449 1052 2483 Kungundis
1072 2449 1202 2475 Iordanin
1221 2458 1257 2475 an
1276 2449 1324 2475 der
1343 2448 1416 2474 Haid
1436 2448 1599 2474 celebratur.

279 2492 310 2517 X.
325 2492 381 2518 kal.
426 2492 467 2518 23.
523 2492 572 2519 Ob.
593 2492 738 2519 Heinricus
757 2492 886 2518 Taucher
905 2491 951 2518 hic
971 2492 1097 2526 sepultus
1116 2501 1190 2518 anno
1210 2491 1314 2518 domini
1336 2492 1410 2518 1375.

319 2646 338 2677 ¹)
363 2644 388 2671 U
389 2645 455 2670 nimi
474 2647 526 2671 tres
545 2653 633 2671 versus
651 2645 732 2671 huius
750 2649 826 2671 notae
845 2647 900 2672 Ioco
919 2654 981 2672 'raso
995 2646 1089 2679 scripti
1105 2649 1176 2672 sunt.
1266 2647 1286 2678 2)
1307 2646 1343 2671 In
1361 2646 1479 2679 maoeyz'ww
1495 2653 1572 2671 arma
1582 2645 1670 2678 yemis
1690 2644 1864 2670 Veslarianae

215 2688 238 2712 et
254 2687 341 2718 yemis
356 2687 555 2720 Ttmclorficmae
574 2688 704 2721 ridentur,
726 2698 779 2721 qua
797 2697 825 2715 re
839 2692 932 2715 notum
951 2689 987 2721 fit,
1006 2689 1141 2715 dominam
1155 2690 1283 2723 Aynetem
1302 2697 1334 2715 ea:
1351 2689 1402 2715 hac
1417 2691 1493 2722 yeme
1510 2691 1627 2714 exortam
1639 2695 1699 2714 esse.
1789 2688 1808 2719 ³)
1829 2687 1863 2712 In

214 2729 332 2761 ωηατ-91110
351 2738 428 2755 arma
444 2731 531 2763 (yemis
549 2730 783 2763 Seiberstorfianae
802 2731 905 2765 depicta
924 2735 994 2757 sunl.
