2085 2999
220 123 259 152 98

340 222 402 239 11011.
456 214 479 239 5.

269 386 329 412 Vll.
346 385 381 411 id.
461 385 484 409 7.

280 556 325 582 IV.
340 556 375 582 id.
442 555 481 581 10.

339 641 375 667 id.
440 641 479 667 13.

252 685 324 710 XVI.
339 684 394 710 kal.
441 685 480 709 14.

277 727 323 753 XI.
337 727 393 753 kal.
442 727 480 753 19.

278 770 324 796 IX.
338 770 393 796 kal.
438 769 479 796 21.

254 856 327 882 VIII.
342 856 399 882 kal.
443 855 484 881 22.

296 942 328 968 V.
342 942 398 968 kal.
444 942 485 968 25.

284 985 330 1011 IV.
344 985 399 1011 kal.
444 986 485 1011 26.

290 1182 336 1209 VI.
350 1191 412 1210 non.
466 1183 490 1208 2.

291 1225 336 1252 IV.
350 1234 413 1253 non.
467 1228 490 1253 4.

303 1312 337 1338 II.
351 1320 412 1338 non.
467 1312 491 1338 6.

280 1355 341 1382 VII.
355 1355 390 1381 id.
470 1356 494 1382 9.

295 1441 342 1468 VI.
356 1441 393 1467 id.
458 1442 496 1468 11.

294 1484 340 1510 IV.
354 1484 390 1511 id.
455 1485 493 1510 12.

296 1615 342 1640 III.
357 1614 392 1640 id.
458 1615 496 1641 13.

355 1743 392 1770 id.
457 1744 496 1770 15.

269 1829 341 1855 XVI.
355 1830 410 1856 kal.
458 1831 497 1856 17.

268 1872 341 1899 XIV.
356 1873 411 1899 kal.
460 1874 499 1900 19.

267 1958 341 1984 XIII.
356 1959 410 1985 kal.
457 1959 498 1986 20.

282 2086 343 2113 VII.
356 2087 412 2113 kal.
457 2088 498 2114 26.

301 2129 345 2156 IV.
360 2130 416 2156 kal.
460 2131 500 2157 29.

314 2216 347 2241 II.
362 2216 419 2242 kal.
464 2217 505 2243 31.

301 2413 347 2439 ΙΙΙ.
364 2423 425 2441 uon.
479 2416 502 2442 3.

318 2499 350 2524 II.
365 2509 426 2527 non.
479 2503 503 2528 4.

304 2542 349 2567 III.
365 2543 400 2569 id.
465 2546 503 2571 ll.

320 2585 353 2611 II.
368 2585 404 2611 id.
468 2589 507 2613 1¹3.

367 2628 403 2655 id.
466 2632 505 2656 13.

253 2669 352 2696 XVIII.
366 2671 420 2698 kal.
468 2675 506 2700 14.

293 2714 350 2740 XV.
365 2715 420 2741 kal,
467 2717 506 2743 17.

281 2757 353 2784 XIV.
367 2758 421 2784 kal.
468 2760 506 2785 13.

723 113 987 141 NECROLOGIUM
1007 106 1367 138 FURSTENFELDENSE.

534 210 688 238 Maechtild
706 209 882 236 Monacensis
899 207 1068 242 Genpeckin,
1088 207 1157 233 haec
1177 206 1254 232 dedit
1271 205 1351 232 nobis
1369 205 1479 232 domum
1493 204 1633 231 Monaehii
1652 207 1681 232 et
1700 206 1756 232 alia.
1769 207 1865 238 multa,

584 256 612 281 et
640 253 760 279 dandum
787 254 829 279 est
853 251 1006 278 servitium.
1053 251 1122 276 Item
1147 248 1294 275 Hainricus
1322 249 1355 275 de
1378 248 1593 279 Giintzelhofen,
1622 257 1638 275 a
1661 258 1714 282 quo
1733 250 1867 277 habemus

585 296 689 323 curiam
718 296 744 321 in
773 294 958 321 Harenhofen.
1001 294 1071 320 Item
1090 291 1252 326 Walburgis
1280 291 1313 318 de
1336 291 1492 323 Monachi0‚
1521 291 1589 318 haec
1617 292 1694 319 dedit
1721 292 1800 319 nobis
1817 295 1834 320 4
1852 297 1868 326 β

584 339 737 366 aunuatim.

539 384 617 409 Anno
643 381 747 408 domini
774 381 840 407 1439
860 381 902 407 ob.
923 379 1065 406 cunradus
1084 379 1238 406 Dachawer
1255 379 1288 406 de
1307 378 1496 411 Lauterbach,
1524 378 1592 406 item
1610 379 1779 407 wilhelmus
1797 381 1869 408 filius

584 425 650 453 eius,
670 424 778 455 Ursula,
798 424 944 450 Elizabeth
974 426 1003 450 et
1031 422 1139 449 Omelia
1162 422 1236 449 filiae
1256 422 1322 452 eius,
1350 422 1417 448 item
1442 430 1546 448 sorores
1570 422 1689 456 predicti
1716 423 1869 456 wilhelmi,

586 468 654 494 item
674 468 786 493 Martha
805 466 939 497 Hunttin,
968 466 1037 493 item
1055 466 1223 492 Wernherus
1242 465 1386 491 Weixsuer
1414 466 1442 491 et
1461 465 1531 491 duae
1549 474 1648 492 uxores
1666 466 1736 498 eius,
1765 467 1800 493 ab
1827 468 1870 494 his

584 511 718 537 habemus
739 511 791 536 ln
814 511 830 543 c)
849 509 1001 536 annuatim.

536 553 687 580 Fuuchslin
700 555 729 580 et
739 562 807 579 uxor
818 553 884 584 eius,
904 553 938 579 ab
958 553 1012 578 hiis
1030 552 1164 579 habemus
1177 554 1289 586 pratum
1307 551 1334 577 in
1350 551 1471 586 Olching
1489 553 1518 578 et
1536 552 1652 579 calicem
1670 555 1699 579 et
1712 556 1873 581 ornamenta

583 597 689 624 altaris.

534 640 689 666 Fridericus
711 639 802 666 scriba
821 640 855 666 de
873 640 1080 671 Mammendorf,
1101 648 1117 666 a
1136 648 1190 672 quo
1208 639 1343 665 habemus
1362 638 1498 673 piscinam
1517 639 1545 665 in
1565 639 1740 673 Grasselfing.

535 683 732 717 Engelscalcus
755 684 787 710 de
806 683 1049 717 Plastwamwang,
1067 683 1103 709 ab
1122 683 1171 709 illo
1190 682 1325 709 habemus
1344 684 1455 715 pratum
1474 681 1586 708 ibidem.

536 727 704 760 Irmengard‚
724 736 741 753 a
762 735 817 760 qua
836 726 970 752 habemus
990 725 1095 752 curiam
1115 726 1143 751 111
1162 725 1359 752 Westemdorf.

534 770 612 795 Anno
632 769 736 795 domini
761 769 827 797 1460
838 769 880 796 ob.
901 769 1073 795 venerandus
1093 769 1148 795 dux
1167 768 1298 795 Albertus
1318 767 1457 794 Inferioris
1477 768 1534 802 (sic)
1548 768 1692 797 Bavariae,
1713 768 1757 795 hic
1776 769 1874 796 funda-

589 812 631 838 vit
650 812 795 839 abbatiam
813 812 842 838 in
861 813 998 843 Andechffi
1018 812 1112 838 locans
1132 813 1298 838 conventum
1318 811 1351 837 de
1371 811 1532 845 Tegerusee.

539 854 627 882 Gutta
647 856 830 887 Monacensis9
858 856 927 882 haec
948 856 1026 882 dedit
1053 855 1132 882 nobis
1163 855 1279 882 calicem
1306 857 1335 882 et
1362 855 1425 888 plus
1452 863 1536 888 quam
1562 855 1641 882 100fl
1664 857 1693 881 et
1717 857 1827 889 pratum
1847 855 1875 881 111

589 899 694 933 Alling,
714 899 788 932 quod
808 899 891 926 solvit
911 899 1056 926 annuatim
1077 899 1117 932 6ss
1130 899 1154 932 ὁ,
1174 901 1202 925 et
1221 898 1341 924 dandum
1360 900 1402 925 est
1421 898 1564 925 servitium
1582 898 1677 925 valens
1696 899 1721 924 Qb
1738 899 1762 932 ᾧ.

540 942 671 976 Wilburg
690 942 841 973 Geissman,
861 951 877 969 a
896 951 952 975 qua
971 942 1104 968 habemus
1124 942 1138 968 7
1158 941 1263 976 predia.

539 986 677 1012 Arnoldus
700 985 794 1017 miles,
818 985 954 1019 magister
977 993 1101 1012 camerae
1125 985 1316 1019 imperatoris,
1336 993 1352 1011 a
1378 993 1432 1017 quo
1455 984 1589 1011 habemus
1607 984 1622 1010 9
1636 985 1661 1010 <a
1685 983 1709 1009 H
1733 983 1877 1010 annuatim

591 1037 640 1062 pro
660 1029 719 1055 ovis
738 1031 767 1055 et
786 1029 902 1056 calicem
922 1031 950 1056 et
969 1029 1061 1055 lumen
1080 1028 1117 1055 ad
1136 1028 1226 1055 altare
1244 1037 1264 1054 s.
1284 1027 1425 1059 leronimi,
1444 1027 1484 1054 ibi
1504 1028 1630 1062 sepultus
1648 1029 1690 1054 est
1713 1027 1764 1054 sub
1783 1027 1878 1061 lapide

591 1080 752 1099 marmoreo.

949 1134 1175 1170 MARTIUS.

543 1183 707 1209 Baldmarus
726 1182 814 1210 miles.

544 1226 677 1252 Dominus
691 1226 794 1253 Paulus
808 1226 873 1253 olim
887 1226 951 1253 abb.
970 1226 1052 1253 huius
1071 1226 1125 1253 loci
1146 1227 1186 1253 14.
1215 1226 1361 1253 Elizabeth
1376 1226 1598 1259 Bairbrunnerin,
1617 1226 1686 1252 haec
1707 1225 1783 1253 dedit
1801 1225 1880 1252 nobis

594 1269 609 1295 9
623 1271 647 1295 ss
671 1270 694 1302 ᾧ,
715 1270 784 1296 haec
804 1270 916 1304 sepulta
936 1272 978 1296 est
998 1269 1071 1296 circa
1091 1270 1180 1296 altare
1199 1279 1219 1296 s.
1241 1269 1418 1296 catharinae.

546 1312 639 1339 Sixtus
659 1312 861 1340 Hockenstaler
880 1313 1025 1347 granarius
1044 1313 1122 1339 ducis
1142 1313 1276 1339 Bavariae
1296 1313 1325 1339 in
1345 1313 1477 1339 Aichach.

549 1356 664 1383 Ioannes
678 1356 828 1382 Reinboldt
841 1356 1005 1382 secretarius
1025 1356 1101 1382 ducis
1115 1356 1258 1388 Bai-ariae,
1278 1356 1325 1389 qui
1344 1357 1424 1382 valde
1443 1356 1513 1383 bene
1533 1355 1621 1382 voluit
1640 1355 1705 1382 huic
1718 1355 1788 1382 loco.
1813 1355 1881 1382 Item

595 1408 662 1425 uxor
681 1399 809 1426 eiusdem.

551 1442 684 1468 Dominus
703 1442 846 1469 Cunradus
865 1443 899 1469 de
919 1443 1090 1473 Wildenrod,
1111 1451 1127 1469 a
1146 1452 1200 1476 quo
1219 1443 1353 1469 habemus
1373 1442 1475 1469 curiam
1495 1442 1523 1469 in
1541 1442 1635 1469 Puech
1654 1450 1703 1476 pro
1723 1441 1866 1468 allecibus.

548 1485 694 1511 Hainricus
709 1486 742 1512 de
756 1485 932 1519 Kitzpuchel,
952 1486 997 1512 hic
1017 1485 1094 1512 dedit
1112 1485 1190 1512 nobis
1209 1485 1242 1513 80
1253 1487 1277 1512 U
1291 1487 1314 1519 ᾧ.
1341 1486 1410 1513 Item
1424 1485 1578 1512 Fridericus
1592 1485 1679 1512 Zeller
1691 1487 1719 1512 et.
1732 1484 1884 1511 Reichentz

597 1538 664 1555 uxor
682 1529 749 1560 eiuS‚
778 1537 794 1555 a
813 1529 913 1562 quibus
942 1529 1076 1556 habemus
1105 1529 1209 1556 curiam
1238 1529 1266 1555 in
1285 1529 1457 1561 Herrenzell,
1486 1531 1514 1555 et
1541 1529 1633 1555 danda
1658 1531 1700 1556 est
1723 1529 1807 1555 situla
1827 1527 1884 1554 vini

598 1574 626 1598 et
644 1572 742 1606 pisces.

552 1614 693 1641 Conradus
712 1615 847 1649 Hegbach
867 1615 1029 1649 capellanus
1057 1616 1092 1642 ad
1112 1616 1136 1642 S.
1157 1616 1303 1650 Aegidium
1323 1615 1478 1650 Esslingae.
1508 1615 1555 1649 qui
1583 1615 1703 1642 contulit
1730 1615 1810 1641 nobis
1837 1615 1853 1640 2
1867 1614 1884 1639 fl

601 1658 688 1684 Rhen.
709 1658 862 1685 annuatim.
900 1659 969 1685 Item
989 1659 1136 1685 Hainricus
1155 1659 1325 1686 etanieleu
1345 1660 1475 1692 parentes
1494 1658 1615 1692 praefati
1635 1657 1737 1685 domini
1757 1657 1884 1688 Com-adi,

598 1701 664 1727 item
684 1703 764 1728 Anna
785 1710 860 1728 soror
879 1702 1001 1728 eiusdem
1021 1704 1050 1728 et
1069 1711 1163 1729 omnes
1182 1702 1215 1728 de
1235 1702 1368 1736 progenie
1388 1702 1475 1735 ipsius
1494 1701 1626 1728 defuncti.

550 1744 690 1771 Conradus
708 1745 766 1771 dec.
785 1744 970 1775 Monacensis,
996 1745 1040 1771 hic
1061 1745 1221 1779 procuravit
1239 1745 1331 1771 lumen
1350 1747 1518 1771 mortuorum
1537 1744 1565 1770 111
1584 1743 1744 1771 eaemiterio
1763 1745 1791 1770 et
1810 1742 1887 1769 dedit

601 1787 680 1814 nobis
700 1788 804 1814 curiam
824 1788 1028 1819 Ainhertzosen,
1048 1797 1131 1821 quam
1150 1788 1218 1815 emit
1236 1788 1306 1815 5011
1325 1789 1348 1821 ej.

550 1831 630 1857 Anno
650 1831 753 1857 domini
774 1832 840 1857 1324
859 1831 901 1857 ob.
924 1831 1072 1857 Hainricus
1092 1832 1154 1858 abb.
1174 1833 1275 1860 sextus,
1295 1831 1343 1864 qui
1362 1831 1434 1858 rexit
1452 1831 1525 1857 hunc
1545 1831 1635 1857 locum
1656 1830 1687 1856 10
1706 1829 1792 1856 aunis.

553 1874 732 1908 Margaretha
751 1876 779 1901 et
798 1874 964 1901 Elizabetha
989 1884 1085 1901 uxores
1105 1875 1231 1908 Pergeri,
1259 1875 1357 1901 harum
1384 1874 1500 1901 maritus
1526 1874 1604 1901 dedit
1627 1873 1707 1900 nobis
1728 1873 1763 1899 40
1775 1873 1800 1899 ‘us
1818 1872 1834 1906 ᾦ
1853 1872 1888 1898 ad

604 1917 695 1943 lumen
716 1917 793 1944 iuxta
813 1918 901 1944 altare
921 1927 940 1943 s.
961 1917 1094 1951 Gregorii,
1114 1919 1142 1944 et
1161 1918 1263 1944 ibidem
1282 1918 1409 1951 sepultae
1429 1919 1501 1944 sunt.

553 1960 700 1987 Hainricus
719 1961 752 1988 de
771 1961 950 1995 Geggenpuit
969 1963 997 1987 et
1012 1961 1096 1988 Wato
1116 1961 1187 1987 filius
1207 1961 1272 1991 eius,
1291 1970 1308 1987 a
1321 1960 1422 1994 quibus
1440 1961 1574 1987 habemus
1587 1959 1690 1986 hubam
1710 1958 1737 1984 in
1750 1957 1888 1991 Emering.

602 2002 735 2029 Dominus
749 2003 911 2030 Chunradus
926 2003 999 2037 pleb.
1014 2004 1047 2030 de
1060 2004 1167 2038 Alting‚
1187 2003 1232 2030 hic
1246 2003 1393 2030 constituit
1412 2013 1461 2030 nos
1475 2003 1606 2030 haeredes
1620 2001 1740 2029 omnium
1755 2001 1889 2027 bonorum

602 2055 719 2072 suorum.

553 2088 715 2115 Chunradus
735 2089 868 2124 Allinger,
888 2090 934 2116 hic
954 2090 1030 2117 dedit,
1049 2090 1128 2117 nobis
1148 2090 1292 2124 praedium
1311 2090 1339 2116 in
1360 2090 1535 2117 Welshoven.

556 2132 695 2165 Adelhait,
716 2133 797 2159 huius
817 2133 934 2159 maritus
954 2133 1069 2160 donavit
1088 2133 1167 2159 nobis
1181 2133 1319 2168 capellam
1339 2142 1400 2160 cum
1419 2134 1539 2167 quadam
1559 2132 1635 2159 curia
1655 2134 1683 2158 et
1702 2140 1757 2158 una
1775 2129 1889 2157 decima.

607 2176 676 2202 Item
696 2176 886 2210 Wendelburg
904 2176 962 2202 filia
981 2177 1138 2208 Zachariae,
1157 2177 1190 2202 de
1209 2185 1265 2210 qua
1283 2176 1416 2203 habemus
1435 2178 1460 2203 41)
1477 2177 1493 2210 ᾧ
1512 2176 1540 2202 111
1559 2175 1766 2202 Mittelstetten.

559 2218 751 2251 Sigismundus
764 2219 945 2253 Eisenberger
963 2228 1017 2246 sac.
1037 2222 1065 2246 et
1085 2229 1145 2254 cap.
1165 2220 1200 2246 ad
1219 2220 1319 2246 Divum
1334 2220 1506 2246 Leonardum
1525 2219 1568 2246 ob.
1581 2219 1634 2245 hoc
1652 2218 1704 2244 die.
1733 2216 1891 2243 Leutwinus

607 2263 787 2295 Monacensis,
806 2264 953 2290 familiaris
972 2265 1072 2290 noster.

972 2353 1173 2390 APRILIS.

557 2417 648 2451 Agnes
669 2419 701 2445 de
720 2418 793 2446 Reut.
818 2428 885 2446 uxor
904 2419 1061 2453 pincernae.
1098 2420 1168 2446 Item
1187 2419 1366 2454 Margaretha
1385 2416 1668 2452 Reychenspaurerin,
1688 2424 1704 2442 a
1723 2424 1777 2449 qua
1797 2413 1892 2440 habui-

609 2470 669 2487 mus
688 2462 721 2489 ‘20
734 2463 758 2487 <L
777 2463 799 2495 ὅ,
819 2465 848 2488 et
867 2463 986 2488 dandum
1007 2464 1049 2489 est
1068 2462 1222 2489 servitium.

557 2503 675 2530 Gcrtrud
694 2507 722 2530 et
742 2505 895 2535 Udalricus,
916 2515 964 2539 per
983 2514 1050 2538 quos
1070 2506 1203 2531 habemus
1223 2505 1326 2531 curiam
1346 2504 1373 2531 in
1394 2504 1574 2530 Aufkirchen.

558 2547 707 2580 Kunigund
728 2548 760 2574 de
780 2548 916 2579 Eberstal,
936 2558 952 2574 a
971 2558 1026 2582 qua
1046 2549 1193 2574 habuimus
1212 2557 1295 2574 unam
1314 2549 1424 2574 domum
1443 2547 1471 2573 in
1491 2547 1636 2581 Ingolstat.

562 2589 742 2616 Berchtoldus
762 2591 835 2624 pleb.
855 2592 887 2617 de
906 2592 1047 2625 Maysach,
1067 2592 1102 2617 ab
1123 2591 1170 2618 illo
1190 2591 1337 2617 habuimus
1358 2592 1388 2617 13
1402 2592 1427 2617 111
1444 2591 1468 2623 (ᾖ.

559 2633 651 2666 Agnes
671 2634 861 2660 Schmieherin
880 2634 937 2660 filia
956 2635 1112 2666 Zachariae,
1133 2644 1149 2661 a
1168 2643 1223 2668 qua
1242 2634 1389 2661 habuimus
1410 2634 1440 2659 12
1454 2635 1478 2659 {h
1497 2634 1520 2666 ᾧ.

561 2675 639 2701 Anno
658 2676 762 2703 domini
783 2678 849 2703 1414
868 2678 910 2704 ob.
943 2678 1078 2704 Iohannes
1097 2678 1160 2704 abb.
1182 2679 1229 2710 11..
1250 2677 1297 2712 qui
1316 2677 1388 2704 rexit
1406 2677 1478 2703 hunc
1499 2676 1590 2703 locum
1611 2675 1639 2702 11
1661 2674 1748 2701 annis.

561 2719 693 2751 Elizabet,
713 2720 782 2746 haec
802 2720 870 2747 emit
888 2721 966 2747 nobis
986 2721 1095 2747 vineam
1114 2720 1142 2746 in
1162 2721 1314 2754 Esslingen.

561 2761 704 2788 Cunradus
723 2772 828 2791 caecus,
848 2763 893 2789 hic
914 2764 993 2790 valde
1014 2764 1152 2790 benefecit
1171 2763 1338 2790 monasterio
1358 2763 1430 2789 huic.
