2085 2999
242 218 302 244 VII.
317 217 345 243 id

256 261 303 287 VI.
317 260 352 286 id.

268 304 299 330 V.
313 303 349 329 id.

254 347 301 373 lV.
315 346 351 372 id.

253 390 301 416 III.
316 389 351 415 id.

265 433 299 459 II.
313 432 348 458 id.

312 483 348 509 id.

226 587 299 613 XIX.
313 586 368 612 kal.

198 690 298 716 XVIII.
312 690 367 716 kal.

210 845 297 871 XVH.
311 844 366 870 kal.

226 989 299 1015 XVI.
313 989 367 1016 kal.

240 1093 298 1118 XV.
312 1093 368 1118 kal.

226 1248 297 1274 XIV.
312 1248 366 1274 kal.

225 1349 298 1375 XIII.
312 1350 367 1377 kal.

238 1504 298 1530 XII.
312 1505 367 1531 kal.

255 1607 301 1632 Xl.
315 1607 371 1633 kal.

268 1701 299 1727 X.
314 1702 369 1728 kal.

251 1909 295 1934 IX.
311 1909 365 1935 kal.

225 2056 298 2082 VIII.
315 2057 368 2083 kal.

238 2160 297 2185 VII.
313 2160 368 2186 kal.

434 217 457 242 7.

431 260 455 286 8.

428 303 452 328 9,

415 346 454 371 10.

415 389 454 415 11.

414 432 452 457 12.

412 483 451 509 13.

416 587 455 613 14.

415 691 454 716 15.

414 845 452 870 16.

414 991 452 1017 17.

415 1093 453 1119 18.

414 1249 453 1275 19.

412 1351 454 1378 20.

412 1506 453 1532 21.

417 1608 456 1634 22.

414 1703 454 1730 23.

411 1911 452 1937 24.

413 2058 453 2084 25.

414 2161 454 2187 26.

735 119 998 146 NECROLOGIUM
1018 118 1307 145 TEGERNSEENSE.
1787 120 1845 149 149

507 216 592 249 Teyno
611 215 726 241 subdiac.
745 218 768 241 et
785 224 817 241 m.
836 224 865 241 n.
884 223 919 248 cy.

500 259 633 284 Dominus
653 258 793 284 Hertviczcs
812 258 868 283 abb.
888 266 914 283 η.
934 266 973 291 cq.
993 262 1048 284 982.
1087 258 1257 289 Gristofferus
1276 257 1333 283 dux
1352 257 1474 283 Βαιυανίε
1493 259 1563 282 14113.

502 301 642 328 Udalricus
657 301 714 334 pbr.
733 311 758 326 n.
778 309 814 334 cy.

501 344 636 376 Rudolfus
650 344 709 376 pbr.
730 344 788 369 Alte
808 343 958 375 Inferioris.
996 343 1154 369 Fridericzts
1172 343 1313 376 imperator
1332 346 1405 369 1493.

499 388 633 414 Dominus
652 387 810 413 Fridericus
829 395 855 412 n.
874 394 908 419 qq.
929 387 985 412 abb.
1005 387 1036 412 in
1055 386 1154 412 Sancto
1174 386 1324 412 Benedicta.
1363 386 1470 418 Rapoto
1488 394 1515 411 n.
1534 393 1570 418 cy.
1587 385 1646 418 pbr.

497 431 590 456 Lamo
608 430 640 456 de
657 430 751 456 Sancto
771 430 918 461 Emcramo,
939 429 1073 461 chdolfzcs
1091 430 1121 455 {Ic
1139 430 1240 455 Sancto
1259 429 1414 455 sebastiano
1429 429 1482 461 pbi.

498 473 687 506 Ohfinradus
712 473 784 504 abb.
811 473 850 503 de
876 472 992 504 Sancto
1018 473 1217 504 Sebastiano.
1258 473 1446 504 Waltherns
1463 472 1531 513 pbr.
1557 475 1589 503 ee
1604 483 1645 503 m.
1670 471 1709 502 de
1728 471 1845 502 Sancto

558 525 797 556 Emmerammo
823 525 873 556 ob.
921 524 1141 567 [Eberhardus
1165 526 1261 566 prior,
1285 525 1353 566 pbr.
1380 527 1412 555 et
1434 535 1474 555 m.
1501 524 1536 554 fr.
1562 523 1603 565 n.]
1643 532 1762 557 Thomas
1782 531 1845 557 abb.

499 577 738 618 Erchenpertus
755 577 828 608 abb.
847 577 887 608 de
905 577 1022 607 Sancto
1039 576 1288 608 Emmerammo.
1325 576 1450 607 Rihker
1466 575 1533 616 pbr.
1559 578 1591 606 et
1607 586 1647 606 m.
1671 575 1710 605 de
1728 574 1845 605 Sancto

556 629 711 660 Mauricio
737 630 787 661 ob.

499 681 729 723 Meginhardus
761 682 830 723 pbr.
861 685 893 713 et
921 693 962 712 m.
995 681 1034 712 (10
1065 682 1181 712 Sancto
1210 681 1460 712 Emmerannno.
1506 680 1631 710 Rihker
1654 679 1722 720 pbr.
1749 682 1781 709 et
1804 689 1844 709 m.

558 733 598 764 de
624 733 710 764 Ozia.
749 733 931 775 Stephanus
954 745 1011 764 rex
1036 733 1239 774 Ungarorum
1264 732 1346 774 ob.¹)
1392 731 1550 774 [Rugerus
1567 731 1635 772 pbr.
1655 734 1687 761 et
1702 741 1742 761 m.
1762 730 1797 760 fr.
1816 741 1844 760 n.

560 785 686 826 Kaspar
710 786 796 826 prior
819 786 1005 816 monasterii
1028 786 1058 815 in
1084 785 1200 815 Sancto
1225 784 1327 815 Paulo
1352 784 1435 814 valle
1463 784 1641 814 Laventina
1666 782 1701 813 fr.
1727 793 1755 812 n.
1781 781 1844 823 ob.]

497 835 650 877 Isgrimus
675 847 742 868 can.
768 837 883 868 Sancte
906 837 1008 868 Mario
1038 836 1088 867 ob.
1137 836 1344 878 [Perhtoldus
1380 835 1482 866 dictus
1508 833 1752 875 Lengendorfer
1776 833 1845 874 pbr.

558 891 590 919 et
613 899 654 919 m.
700 888 898 919 Herwordus
930 888 998 929 pbr.
1031 891 1063 919 et
1092 899 1132 918 m.
1164 887 1213 918 ob.
1248 887 1284 918 fr.
1308 898 1349 927 11.,
1375 886 1442 917 (100.
1467 886 1560 916 huius
1583 884 1667 927 1001]
1713 893 1847 918 Dominus

558 939 689 965 Iohannes
708 939 763 964 abl».
783 939 815 965 (10
837 940 907 965 Cella
929 939 1026 965 Mar-ie.

497 982 658 1013 Eberhart
681 983 749 1023 pbr.
776 986 807 1014 et
830 994 871 1013 m.
906 983 1059 1014 Albertus
1082 982 1151 1024 pbr.
1177 985 1209 1013 et
1232 993 1274 1014 m.
1309 981 1438 1012 Udaloh
1455 981 1523 1022 pbr.
1550 984 1582 1012 et
1604 992 1644 1011 m.
1671 980 1710 1011 de
1728 979 1845 1010 Sancto

558 1034 797 1065 Emmeramino
823 1035 872 1065 ob.
920 1034 1019 1075 [Erko
1045 1034 1175 1065 scolaris
1201 1037 1233 1064 et
1256 1045 1296 1064 m.
1323 1032 1383 1075 01).Ι

499 1086 724 1117 Waltmannus
748 1086 817 1127 pbr.
844 1089 876 1117 et
899 1097 955 1124 ni..
986 1086 1144 1117 Ratoldus
1167 1086 1235 1126 pbr.
1262 1088 1294 1116 et
1324 1096 1376 1124 nl..
1406 1085 1479 1115 fres.
1504 1085 1560 1115 nri.
1599 1084 1753 1115 Albertus
1777 1083 1845 1124 pbr.

559 1141 590 1168 et
613 1149 653 1169 m.
680 1138 719 1169 de
743 1137 859 1169 Sancto
876 1138 1051 1178 Lamperto
1070 1137 1120 1168 ob.
1159 1136 1372 1180 [Hermannus
1393 1137 1554 1178 quondam
1571 1136 1643 1167 abb.
1662 1135 1847 1166 monasterii

560 1189 668 1220 Sancti
692 1189 786 1220 Pauli
811 1190 841 1219 in
866 1190 948 1220 valle
972 1190 1151 1220 Laventina
1175 1189 1211 1220 fr.
1236 1200 1265 1219 n.
1291 1188 1355 1230 ob.]

498 1241 618 1272 Rioher
641 1241 710 1281 pbr.
736 1244 768 1271 et
791 1252 831 1272 m.
871 1241 1021 1271 ΣΝΤ-(1111101
1044 1241 1113 1282 pbr.
1139 1244 1171 1271 et
1193 1252 1234 1271 m.
1261 1241 1300 1271 (10
1318 1240 1434 1271 Sancto
1452 1240 1617 1270 Mauricio.
1664 1238 1847 1279 Stephanus

555 1303 596 1323 m.
615 1292 723 1323 Sancti
741 1292 851 1323 Georii
869 1293 919 1323 ob.
952 1292 1134 1334 [Hainricns
1152 1292 1191 1323 (10
1206 1292 1359 1333 Geisling.
1389 1292 1489 1322 Lutzo
1507 1291 1611 1321 fidelis
1629 1302 1656 1321 n.
1676 1301 1770 1321 000113
1784 1289 1846 1331 ob.]

498 1343 703 1375 Hei-mannus
737 1344 816 1375 diae.
848 1348 880 1375 et
914 1355 954 1375 m.
985 1344 1024 1374 de
1054 1344 1170 1375 Sancto
1203 1343 1383 1374 Miehahele
1416 1343 1467 1374 ob.
1522 1342 1704 1384 [Hainrious
1732 1341 1848 1371 Tawer

556 1396 624 1437 pbr.
643 1400 676 1427 et
691 1407 731 1427 m.
751 1397 786 1427 fr.
803 1407 831 1427 n.
857 1396 906 1427 ob.
944 1395 1134 1426 Chfinradus
1159 1395 1260 1426 dietus
1284 1395 1413 1426 Turnel.
1451 1393 1665 1425 Perchtoldus
1689 1393 1846 1423 secundus

558 1447 661 1478 dietus
678 1447 806 1478 Sehnek
823 1447 896 1478 abb.
914 1448 1006 1478 huius
1023 1448 1095 1487 loci,
1113 1447 1277 1488 depositus
1295 1447 1354 1478 fuit
1370 1447 1410 1477 ab
1428 1448 1579 1487 episcopo
1597 1444 1845 1486 Fi'isiiigensi.2)l

499 1499 663 1530 Wilherus
689 1499 768 1530 diac.
795 1502 827 1530 et
850 1510 890 1530 m.
917 1499 956 1530 de
986 1499 1102 1530 Sancto
1133 1499 1325 1530 Miehahele.
1373 1497 1443 1541 [Pie
1474 1499 1505 1528 in
1536 1498 1661 1528 Christo
1692 1497 1846 1527 memorie

556 1550 738 1581 Fridericus
763 1550 831 1581 (100.
856 1551 950 1581 huius
974 1551 1159 1581 monasterii
1183 1550 1220 1581 fr.
1245 1562 1273 1581 n.
1298 1550 1367 1591 pbr.
1394 1553 1426 1581 et
1450 1561 1490 1580 m.
1516 1548 1578 1591 ob.]

504 1600 758 1643 [VVeiehnandus
783 1605 814 1633 et
838 1613 919 1632 uxor
942 1612 999 1633 sua
1016 1602 1195 1644 Katerinw]
1244 1610 1290 1637 Pie
1310 1609 1440 1637 memorie
1460 1609 1606 1635 Ludwicus
1624 1609 1764 1642 qnondam
1783 1608 1845 1634 abb.

559 1653 720 1679 monasterii
741 1653 768 1678 in
788 1652 887 1678 Melico
907 1652 938 1677 fr.
958 1661 982 1677 n.
1002 1652 1046 1678 ob.

502 1696 614 1728 Siboto
633 1697 700 1738 pbr.
720 1700 752 1727 et
768 1707 808 1727 m.
827 1696 862 1726 fr.
880 1707 909 1726 n.
944 1695 1149 1727 Erminoldus
1173 1696 1242 1737 pbr.
1268 1699 1300 1726 et
1323 1707 1363 1726 m.
1390 1695 1429 1726 de
1455 1695 1571 1725 Sancto
1596 1694 1845 1725 Emmerammo.

558 1748 760 1790 [Chunradus
790 1748 858 1790 pbr.
884 1751 916 1778 et
938 1759 978 1778 m.
1006 1748 1113 1779 Sancti
1137 1748 1305 1778 Benedicti
1329 1748 1359 1778 in
1384 1748 1513 1787 Peurin,
1538 1747 1640 1777 dictus
1666 1746 1846 1777 Chochiler.

558 1800 616 1831 Pie
645 1801 676 1830 in
705 1800 831 1832 Christo
864 1803 1019 1832 memorie
1050 1802 1230 1832 Haonrieus
1257 1801 1474 1842 ilnperator.³)
1524 1800 1642 1841 Symon
1674 1799 1742 1830 (100.
1777 1799 1845 1840 pbr.

557 1855 589 1882 Gt
612 1863 652 1883 m.
677 1852 770 1883 huius
791 1853 853 1884 loci
877 1854 938 1893 Ob.,
963 1853 1066 1884 dietus
1081 1853 1195 1895 xvsttt]
1242 1861 1418 1887 Leonhnrdus
1437 1860 1500 1886 abb.
1520 1859 1554 1885 de
1575 1859 1673 1885 Melico
1693 1859 1723 1884 fr.
1744 1868 1768 1884 n.

498 1903 708 1935 Gotschaleus
733 1904 807 1935 abb.
833 1905 872 1936 de
898 1904 1014 1936 Sancto
1038 1905 1137 1936 Petro
1162 1905 1213 1936 ob.
1261 1904 1431 1947 [Dietricus
1455 1904 1524 1945 pbr.
1550 1906 1582 1934 et
1605 1914 1645 1934 m.
1671 1903 1711 1933 de
1730 1902 1846 1933 Sancto

559 1955 800 1987 Emmerammo
837 1956 899 1999 ob.]
957 1965 1169 1991 Anniversarius
1197 1964 1300 1990 domini
1330 1963 1462 1990 Friderici
1495 1963 1573 1989 (lucis
1603 1961 1713 1988 Austrie
1742 1971 1846 1988 necnon

557 2016 668 2033 suorum
688 2008 895 2042 progenitorum
915 2009 1060 2034 annuatim
1080 2008 1224 2042 peragitur
1242 2008 1294 2033 hoc
1313 2007 1364 2033 die.

501 2050 686 2082 Chadoldus
710 2052 852 2083 subdiac.
879 2056 910 2082 et
933 2063 974 2083 m.
1001 2052 1036 2082 fr.
1054 2063 1082 2082 n.
1129 2052 1311 2082 Hertwieus
1327 2051 1396 2092 pbr.
1414 2054 1445 2081 et
1462 2060 1502 2080 m.
1520 2050 1615 2090 prior.
1665 2048 1847 2091 [Liutoldus

513 2143 524 2150 n
558 2102 626 2143 pbr.
653 2106 684 2134 et
707 2114 748 2134 m.
773 2103 812 2134 (10
831 2103 977 2135 Gersten.
1012 2103 1220 2134 Eberhardus
1237 2103 1450 2143 XVildnegger
1469 2102 1536 2143 pbr.
1563 2104 1594 2132 et
1618 2112 1657 2131 m.
1681 2101 1716 2132 fr.
1733 2112 1762 2131 n.
1782 2100 1845 2142 ob.]

500 2153 626 2184 Uli-icus
643 2154 711 2195 pbr.
730 2158 762 2186 et
777 2166 818 2186 m.
837 2156 873 2187 fr.
891 2167 919 2186 n.
945 2156 1122 2187 Roinoldus
1137 2156 1206 2196 pbr.
1225 2159 1256 2186 et
1273 2166 1313 2186 m.
1332 2155 1371 2185 (10
1394 2154 1510 2185 Sancto
1532 2153 1772 2184 Emmerammo
1794 2153 1844 2184 ob.

257 2211 372 2238 VLkaL
418 2213 459 2239 27,
504 2205 710 2237 Burohardus
743 2218 783 2238 ex
811 2207 892 2238 laico
921 2218 962 2238 m.
988 2208 1024 2238 fr.
1053 2219 1083 2238 n.
1129 2206 1292 2247 Wirnt02)
1317 2206 1389 2237 abb.
1426 2206 1465 2237 (10
1497 2205 1613 2236 Sancto
1646 2204 1845 2235 Sebastiano.

270 2365 302 2390 V.
316 2366 371 2392 kal.

416 2367 457 2393 2¹8,

556 2257 759 2288 Rantvoldus
783 2258 801 2289 l.
832 2258 871 2290 de
903 2258 1019 2289 Sancto
1048 2259 1233 2299 Lamperto.
1291 2258 1449 2289 Ratoldus
1484 2257 1626 2288 subdiac,
1663 2257 1702 2287 de
1728 2256 1844 2287 Sancto

558 2308 738 2340 Miohahelo
764 2310 813 2341 ob.

504 2359 762 2391 Gunderammus
791 2362 859 2402 pbr.
885 2365 917 2392 et
940 2373 979 2392 m.
1031 2362 1172 2393 Herrant
1207 2362 1274 2403 pbr.
1312 2365 1344 2392 et
1376 2373 1416 2392 m.
1453 2361 1492 2392 de
1529 2361 1645 2391 Sancto
1680 2360 1844 2390 Mauricio.

558 2411 730 2443 Hainrieus
758 2413 832 2444 dux.
880 2413 1092 2455 [Wernherus
1120 2414 1188 2454 pbr.
1220 2417 1252 2444 et
1283 2424 1324 2444 m.
1357 2413 1397 2444 (10
1429 2413 1545 2443 Sancto
1576 2412 1765 2443 Sebastiano
1794 2412 1844 2443 ob.

558 2463 655 2504 Hugo
680 2464 764 2505 pleb.
789 2465 820 2495 in
845 2464 1101 2506 Osterworngaw
1125 2465 1189 2507 ob.]

303 2633 326 2666 ³)
346 2634 380 2659 B:
398 2636 505 2667 Byritto.

307 2704 326 2735 ¹)
348 2702 453 2729 hlanus
470 2705 599 2730 recentior
622 2704 762 2738 adscripsit
784 2706 815 2731 fr.
835 2715 860 2731 n.
968 2707 988 2739 2)
1009 2705 1085 2732 Hace
1108 2709 1174 2732 nota
1200 2706 1303 2732 saeculo
1323 2706 1389 2732 XV.
1413 2706 1465 2732 Ioco
1483 2708 1561 2731 notae
1580 2712 1670 2731 erasae
1689 2704 1782 2730 addita
1802 2705 1845 2729 est.

204 2746 224 2778 ²)
244 2745 318 2772 Nota
335 2746 437 2772 demum
456 2755 477 2774 c,
496 2755 598 2773 armum
618 2751 684 2775 1400
702 2748 842 2781 adscripta.
