2085 2999
221 116 283 146 270
604 110 712 137 LIBER
731 109 1091 136 ANNIVERSARIORUM
1114 108 1492 135 MALLERSDORFENSIS.

274 208 322 234 III.
335 207 391 233 kal.
437 206 478 232 29.
532 205 584 231 Hie
604 204 699 239 agitur
717 203 922 230 anniversarius
940 204 957 229 4
974 203 1118 230 hominum
1138 203 1171 229 de
1192 202 1342 235 Olehoven‚
1363 205 1391 229 et
1404 202 1569 229 infirmarius
1582 202 1722 230 ministrat
1741 203 1775 229 de
1789 211 1872 229 censu

581 249 739 274 sanctorum
759 247 870 273 ibidem.

290 293 322 319 II.
337 292 392 318 kal.
439 291 480 318 30.
534 289 586 316 Hie
614 289 708 323 agitur
735 289 941 316 anniversarius
960 288 1119 315 Wolfhardi
1143 288 1302 315 Chrawtzer
1325 290 1354 315 et
1381 288 1473 315 uxoris
1500 297 1548 315 sue
1569 288 1688 315 Petrisse
1699 290 1728 322 ¹),
1753 290 1782 315 et
1800 288 1872 315 infir-

581 333 684 359 marius
702 332 843 359 ministrat
862 333 896 359 de
915 332 1094 359 Dnrrenhart.

969 421 1128 457 MAIUS.

277 489 323 515 VI.
337 498 400 515 non.
454 489 478 515 2.
532 488 585 514 Hic
608 487 702 522 agitur
720 487 925 514 anniversarius
945 487 1072 513 Hainrici
1092 485 1287 520 Trawpekehi,
1307 485 1355 519 qui
1375 485 1453 512 dedit
1471 485 1551 512 nobis
1571 485 1671 511 silvam
1689 486 1808 518 unam.²)

278 532 324 559 IV.
338 541 400 558 non.
454 532 478 557 4.
532 531 585 557 Hic
605 531 699 565 agitur
718 530 952 563 anniversarius&
972 529 1135 556 Perchtoldi
1157 529 1260 556 'rafner
1284 529 1317 555 de
1336 529 1556 555 Haimelchoven
1579 530 1607 555 et
1629 527 1722 554 uxoris
1744 536 1792 554 sue
1810 527 1874 554 Die-

579 574 694 604 muedis,
714 575 742 600 et
761 573 927 599 infirmarius
946 573 1089 599 ministrat
1107 572 1140 598 de
1160 572 1239 599 feodo
1254 571 1482 598 Haimelehoven.
1508 571 1562 598 Hic
1582 571 1667 598 etiam
1681 570 1776 605 agitur
1794 570 1872 597 anni-

582 616 718 643 versarius
739 615 858 643 Conradi
877 615 1025 650 presbiteri
1044 616 1078 642 de
1098 615 1328 643 Smauczhausen.
1348 615 1435 641 abbas
1455 614 1596 641 ministrat
1615 614 1648 640 de
1670 614 1701 640 10
1715 614 1775 647 ΐὺο).

248 661 323 687 VIII.
336 660 372 686 id.
453 660 477 686 8.
531 659 584 686 Hic
612 660 706 694 agitur
733 659 937 686 anniversarius
966 658 1077 685 domine
1105 658 1207 692 Sophie
1235 658 1268 684 de
1291 657 1445 692 Newberg,
1473 666 1527 690 que
1555 657 1633 683 dedit
1658 657 1739 683 nobis
1768 655 1874 683 curiam

583 702 800 729 Reichelsteten.

280 746 326 772 VI.
340 746 376 772 id.
440 746 480 772 10.
534 746 585 772 Hie
605 745 699 779 agitur
718 744 922 771 anniversarius
941 743 1065 770 Hainrici
1085 743 1271 774 Pfichhauser‚
1291 744 1319 769 et
1338 742 1504 768 infirmarius
1516 741 1657 768 ministrat
1675 741 1703 767 in
1718 741 1874 769 refectorio.

278 789 324 816 IV.
337 789 374 815 id.
439 789 478 815 11.
532 789 585 815 Hie
608 788 704 822 agitur
726 787 934 814 anniversarius
959 786 1063 813 domini
1086 786 1200 812 Gewolfi
1226 785 1317 812 Grewl
1341 786 1375 812 de
1399 785 1508 819 Pergffi
1532 787 1560 812 et
1586 787 1678 812 eustos
1700 784 1874 812 ministrabit

583 831 616 858 de
635 831 715 858 bonis
735 826 776 857 &d
795 833 823 858 et
842 830 1054 856 Riidenhausen.

247 875 392 902 X111.ka1.
437 875 479 901 20.
533 874 585 901 Hie
609 874 703 908 agitur
728 874 934 900 anniversarius
959 872 1120 899 Perehtoldi
1144 872 1239 898 Lavan
1258 870 1416 903 iunioris⁵),
1437 872 1466 896 et
1484 870 1651 897 infirmarius
1673 870 1816 897 ministrat
1842 870 1875 896 de

584 917 741 944 molendino
762 917 927 943 Wisendorf.

967 1004 1139 1040 IUNIUS.

278 1072 398 1099 1V.non.
456 1072 479 1097 2.
534 1071 586 1097 Hic
606 1071 700 1105 agitur
719 1069 924 1097 anniversarius
944 1069 1063 1096 Conradi
1081 1069 1258 1099 Menehovar,
1278 1071 1307 1095 et
1326 1067 1492 1094 infirmarius
1512 1067 1654 1094 ministrat
1673 1067 1706 1094 80
1719 1068 1742 1101 ᾧ.

278 1117 326 1144 111.
340 1117 377 1144 id.
441 1117 480 1142 11.
534 1115 588 1142 Hic
612 1115 706 1150 agitur
731 1115 935 1142 anniversarius
959 1114 1064 1141 domini
1084 1113 1244 1140 Perchtoldi
1262 1113 1480 1148 Ergostwekch,
1503 1111 1632 1147 magistri
1657 1111 1760 1138 civium
1784 1109 1876 1137 Ratis·

584 1168 655 1192 pone
664 1160 692 1191 8),
712 1161 740 1185 et
759 1158 926 1184 infirmarius
944 1157 1085 1183 ministrat
1106 1157 1138 1184 de
1157 1157 1250 1183 hueba
1269 1156 1298 1182 in
1318 1155 1463 1182 Chlttham.

253 1203 325 1229 XVI.
339 1203 395 1229 kal.
442 1203 481 1229 16.
535 1202 588 1228 Hic
601 1201 696 1236 agitur
709 1201 914 1228 anniversarius
928 1200 1059 1234 Gozperti
1072 1202 1101 1227 et
1114 1200 1205 1226 uxoris
1218 1208 1266 1226 sue
1279 1199 1434 1233 Elyzabeth
1442 1200 1471 1231 ⁷),
1485 1200 1514 1225 et
1526 1197 1692 1224 infirmarius
1704 1195 1877 1223 ministrabit

584 1246 600 1271 6
613 1249 628 1278 β
641 1246 657 1278 ᾧ
676 1245 708 1271 de
728 1245 804 1271 curia
823 1244 972 1270 Fiirlbach.

250 1288 323 1315 XIII.
338 1289 393 1315 kal.
440 1289 479 1314 19.
534 1288 585 1314 Hic
605 1287 700 1321 agitur
718 1287 922 1314 anniversarius
942 1286 1046 1313 domini
1066 1285 1175 1312 Alberti
1195 1285 1306 1312 comitis
1325 1285 1358 1312 de
1378 1279 1504 1319 Kwting,
1528 1286 1557 1311 et
1575 1283 1663 1310 abbas
1682 1282 1824 1309 ministrat
1843 1282 1876 1309 de

586 1331 680 1361 vineis,
701 1330 789 1364 pratis
809 1333 837 1357 et
856 1330 965 1356 familia
984 1330 1020 1356 ab
1040 1338 1071 1356 eo
1091 1329 1197 1362 datis.⁸)

275 1374 321 1400 XI.
335 1374 391 1400 kal.
437 1374 477 1400 21.
532 1374 585 1400 Hic.
604 1373 698 1408 agitur
717 1373 924 1399 anniversarius
941 1372 1095 1399 Bernhardi
1114 1374 1143 1398 et
1162 1372 1253 1398 uxoris
1271 1379 1319 1398 sue
1334 1371 1445 1402 Iuditte,
1465 1372 1494 1397 et
1513 1372 1605 1396 custos
1624 1368 1796 1395 ministrabit
1815 1367 1848 1394 36
1861 1369 1877 1402 ὅ

586 1417 619 1443 de
638 1416 763 1450 prediolo
782 1416 810 1442 in
830 1416 944 1442 Neufar.

262 1459 322 1486 VII.
337 1459 391 1486 kal.
437 1460 478 1486 25.
532 1460 585 1486 Hic
611 1460 705 1494 agitur
729 1459 936 1486 anniversarius
958 1458 1035 1485 beati
1060 1457 1213 1484 Purchardi
1236 1456 1320 1491 primi
1343 1456 1456 1483 abbatis
1480 1456 1563 1482 huius
1588 1456 1762 1487 monasterii,
1789 1455 1877 1482 abbas

587 1503 736 1530 ministrat.

299 1547 331 1573 V.
345 1547 400 1573 kal.
445 1547 486 1573 27.
540 1546 593 1572 Hie
613 1546 707 1580 agitur
726 1545 932 1572 anniversarius
952 1545 1112 1572 Diemuedis
1135 1546 1164 1571 et
1183 1544 1337 1578 Elyzabeth
1357 1552 1471 1570 uxorum
1491 1543 1611 1578 Rucgeri
1630 1542 1878 1574 Stainchirehe1-⁹),

585 1592 613 1616 et
634 1589 800 1616 infirmarius
819 1589 962 1615 ministrat
983 1590 1078 1622 ¹501>
1102 1597 1151 1622 pro
1171 1587 1234 1614 vino
1258 1589 1285 1614 et
1304 1587 1428 1621 piscibus
1447 1587 1480 1613 de
1500 1586 1607 1612 duabus
1627 1585 1710 1612 curiis
1729 1585 1757 1611 in
1778 1585 1877 1611 Hader.

968 1686 1139 1722 IULIUS.

300 1753 334 1779 II.
347 1762 410 1780 non.
464 1754 486 1780 6,
541 1753 592 1779 Hic
612 1753 706 1786 agitur
724 1752 929 1778 anniversarius
948 1752 1026 1778 Anne
1046 1751 1079 1777 (le
1098 1750 1267 1777 Neuberkch
1286 1750 1415 1776 monialis
1434 1749 1589 1784 Superioris
1606 1748 1770 1776 Monasterii
1788 1749 1878 1776 Ratis-

587 1795 724 1829 ponensis,
745 1797 773 1822 et
791 1794 958 1821 infirmarius
977 1794 1119 1820 ministrat
1138 1794 1171 1820 de
1190 1793 1398 1820 Reichelsteteu
1419 1794 1452 1820 60
1465 1794 1488 1826 ι).

339 1848 402 1865 non.
458 1840 480 1865 7.
534 1839 587 1865 Hjc
614 1838 709 1872 agitur
731 1838 938 1864 anniversarius
963 1837 1068 1864 domini
1094 1836 1247 1863 Eberhardi
1273 1838 1300 1863 et
1327 1837 1406 1862 Anne
1432 1835 1488 1862 filie
1510 1835 1570 1862 eius
1593 1835 1626 1862 (le
1650 1835 1827 1862 Newberkeh
1851 1837 1881 1862 et

588 1881 753 1908 infirmarius
772 1881 914 1908 ministrat
933 1881 967 1907 de
987 1880 1063 1907 curia
1083 1880 1292 1907 Reiehelsteten
1314 1881 1342 1911 ’,δὲ
1356 1881 1382 1905 {b
1395 1880 1419 1912 ο).

267 1925 328 1952 VII.
342 1925 379 1952 id.
460 1926 483 1952 9.
538 1925 590 1951 Hic
616 1924 710 1959 agitur
735 1924 982 1957 anniversariusw)
1007 1923 1111 1950 domini
1137 1922 1257 1957 Ruegeri
1283 1922 1398 1956 plebani
1422 1921 1578 1956 Superioris
1601 1921 1763 1948 Monasterii
1787 1921 1878 1948 Ratis-

589 1968 725 2001 ponensis,
746 1967 913 1993 infirmarius
932 1967 1075 1993 ministrat
1093 1968 1109 1993 6
1122 1970 1137 1999 β
1149 1967 1165 1998 ι)
1184 1966 1218 1992 de
1238 1965 1315 1992 curia
1336 1965 1484 1992 Fiirlbaeh.

279 2011 326 2037 III.
342 2011 377 2037 id.
443 2011 481 2038 13.
536 2011 588 2037 Hic
607 2011 702 2045 agitur
720 2011 925 2036 anniversarius
946 2009 1106 2036 PerehtoIdi
1126 2009 1281 2042 Neumayr‚
1309 2011 1338 2035 et
1366 2008 1532 2035 infirmarius
1555 2007 1728 2035 ministrabit
1755 2008 1789 2035 60
1807 2009 1823 2041 ᾧ
1846 2009 1880 2035 de

588 2056 669 2087 prato
688 2054 782 2080 Floch.
810 2053 862 2079 Hic
882 2053 976 2087 agitur
989 2052 1193 2079 anniversarius
1213 2052 1322 2078 domine
1338 2051 1493 2085 Wilbirgis,
1512 2053 1541 2078 et
1554 2050 1720 2077 infirmarius
1738 2051 1880 2078 ministrat

589 2097 622 2123 de
642 2096 801 2123 molendino
820 2096 985 2123 Wisendorf.

252 2140 326 2167 XIII.
341 2141 397 2167 kal.
442 2141 483 2167 20.
538 2140 590 2166 Hie
614 2140 708 2175 agitur
732 2140 977 2173 anniversarius11)
1004 2139 1108 2165 domini
1137 2138 1248 2164 Ottonis
1272 2137 1414 2171 quondam
1438 2137 1551 2171 plebani
1574 2137 1602 2163 in
1626 2136 1828 2171 Ergoltzpach,
1853 2138 1881 2163 et

589 2183 754 2209 infirmarius
772 2183 914 2209 ministrat
933 2183 966 2210 60
979 2184 995 2216 ᾧ
1014 2182 1048 2209 de
1068 2182 1263 2208 Hunezsteten.

281 2226 327 2253 IX.
340 2226 396 2253 kal.
440 2226 482 2253 24.
536 2226 588 2252 Hic
608 2226 703 2260 agitur
722 2226 928 2252 anniversarius
941 2226 1099 2260 Margarete
1113 2224 1271 2256 Araminne,
1291 2225 1319 2250 et
1336 2223 1501 2249 infirmarius
1515 2222 1655 2249 ministrat
1668 2224 1701 2250 60
1715 2224 1731 2256 ᾧ
1744 2223 1778 2249 de
1792 2223 1881 2249 tribus

590 2270 693 2303 prediis
712 2269 740 2295 iu
759 2270 854 2296 Monte
875 2269 1015 2299 Vinorum,
1035 2277 1104 2302 quas
1124 2268 1180 2300 (sic)
1201 2268 1328 2294 dominus
1348 2267 1524 2293 Purchardus
1544 2266 1629 2292 dedit.

281 2312 327 2338 IV.
342 2313 397 2339 kal.
442 2313 482 2339 29.
537 2312 589 2338 Hie
608 2313 703 2347 agitur
721 2312 926 2338 anniversarius
945 2311 1105 2339 PerchtoIdi
1126 2311 1216 2337 Grswl
1241 2311 1273 2336 (le
1293 2309 1520 2340 ObernIinthart,
1546 2308 1712 2334 infirmarius
1739 2308 1882 2335 ministrat

592 2355 621 2381 in
640 2355 794 2382 refectorio.

284 2398 331 2423 III.
346 2398 403 2424 kal.
446 2398 488 2424 30.
541 2398 594 2424 Hic
614 2398 708 2432 agitur
726 2398 932 2424 anniversarius
951 2397 1086 2424 Hartwici
1105 2397 1247 2425 aurifabri.
1275 2397 1343 2423 civis
1371 2396 1559 2431 Strawbinge,
1587 2397 1615 2422 et
1643 2395 1760 2422 Perchte
1788 2395 1881 2421 uxoris

591 2442 686 2473 suen),
706 2442 734 2467 et
752 2441 840 2467 abbas
859 2440 1001 2466 ministrat
1023 2441 1051 2473 ’βα
1066 2441 1091 2466 tt
1103 2441 1119 2473 c>
1139 2440 1171 2466 de
1190 2440 1341 2473 Hainpfieh

338 2570 356 2600 ¹)
378 2569 506 2595 Conditus
523 2578 540 2595 a
556 2569 620 2602 filiis
637 2577 725 2595 eornm
743 2572 812 2596 1379.
902 2570 922 2602 2)
938 2568 1070 2595 Conditus
1083 2578 1100 2594 α
1111 2569 1167 2601 filio
1180 2569 1237 2594 eius
1252 2571 1320 2594 1331.
1411 2569 1431 2600 ³)
1446 2568 1560 2593 Erectus
1572 2570 1640 2593 1305.
1736 2568 1755 2598 ⁴)
1770 2566 1883 2592 Erectus

233 2611 266 2636 ab
292 2611 348 2644 ipso
374 2615 442 2638 1307.
551 2614 570 2645 ὃ)
590 2613 704 2639 Erectus
728 2613 760 2638 ab
782 2614 840 2646 ipso
860 2616 929 2639 1241.
1038 2613 1058 2645 θ)
1078 2612 1193 2638 Erectus
1212 2612 1245 2637 ab
1263 2612 1320 2644 ‘ipso
1340 2614 1409 2637 1353.
1519 2611 1539 2642 ⁷)
1558 2610 1671 2635 Erectus
1689 2618 1706 2634 α
1724 2609 1883 2635 monasterio

233 2654 462 2686 JIallersdorfcnsi
481 2658 547 2682 1311.
630 2658 650 2689 8)
670 2656 749 2682 Liber
762 2655 975 2682 doemuentmmn
994 2655 1151 2681 dmmtiones
1170 2654 1285 2680 eiusdem
1304 2655 1334 2679 in
1352 2654 1468 2687 capitulo
1486 2657 1500 2679 5
1519 2655 1638 2685 enarrat,
1657 2652 1700 2678 sed
1719 2653 1776 2677 sine
1794 2652 1882 2678 annis.

234 2700 253 2727 ²⁸)
279 2697 424 2723 Institutas
450 2701 518 2724 1327.
635 2700 669 2731 ιι»)
696 2699 839 2725 Institutas
862 2702 929 2725 1311.
1037 2699 1069 2731 ²¹)
1095 2698 1237 2723 Institutas
1262 2700 1330 2723 1350.
1439 2698 1470 2725 ¹²)
1490 2696 1636 2722 Institutas
1656 2698 1723 2721 1337.
1743 2710 1776 2713 -
1797 2693 1833 2720 H.
1854 2694 1882 2719 in

234 2740 299 2765 libro
317 2740 530 2767 docmnemmwmz
549 2742 599 2768 No.
615 2746 647 2768 42
667 2742 732 2775 „her
750 2742 895 2768 Hartwich
915 2742 962 2768 der
981 2741 1119 2776 goldsmid
1139 2741 1167 2766 in
1186 2741 1233 2767 der
1252 2740 1352 2773 Griieb,
1375 2748 1476 2774 purger
1495 2748 1534 2765 zw
1549 2739 1745 2774 Regensburg“
1763 2739 1879 2764 vocatur.
