2085 2999
229 122 290 152 258

255 214 326 240 XVI.
341 213 396 240 kal.
444 213 483 239 17.

268 300 326 325 XV.
342 299 397 326 kal.
445 298 485 325 18.

255 429 330 455 XIII.
343 428 398 454 kal.
444 427 485 454 20.

261 685 322 711 XII.
336 685 392 712 kal.
439 685 480 711 21.

294 815 326 841 X.
340 815 396 841 kal.
442 814 483 840 23.

253 944 329 970 VIII.
344 943 398 969 kal.
443 943 486 969 25.

267 986 328 1012 VII.
344 986 400 1012 kal.
444 986 486 1012 26.

285 1029 331 1055 VI.
345 1029 402 1055 kal.
446 1028 488 1055 27.

293 1116 325 1143 V.
340 1116 395 1142 kal.
441 1115 482 1142 23.

278 1288 326 1314 IV.
340 1288 396 1314 kal.
440 1287 480 1313 29.

282 1331 329 1357 III.
343 1331 400 1357 kal.
445 1329 486 1356 30.

292 1417 325 1443 ΙΙ.
339 1416 395 1442 kal.
440 1415 480 1442 31.

288 1869 333 1896 IV.
348 1870 385 1896 id.
450 1869 490 1897 10.

286 2127 333 2153 III.
348 2126 384 2153 id.
449 2127 488 2153 11.

296 2255 330 2281 II.
345 2255 381 2281 id.
446 2255 485 2281 12.

348 2469 383 2494 id.
446 2469 486 2495 13.

226 2510 329 2537 XVIII.
343 2511 399 2537 kal.
448 2512 487 2538 14.

442 118 547 145 LIBER
567 118 929 145 ANNIVERSARIORUM
948 118 1125 144 FRATRUM
1145 118 1321 145 MINORUM
1339 119 1671 147 RATISBONENSIUM.

538 213 753 239 Anniversarius
772 212 850 239 Anne
877 212 1034 246 Sytawerin
1058 212 1221 239 celebratur.
1263 213 1335 240 Item
1359 214 1499 248 Margrete
1527 214 1692 249 Lewpoldin
1717 216 1882 244 celebratur.

591 256 668 289 [1463
687 255 730 281 ob.
751 255 913 281 chunradus
931 255 1136 289 spitalmulner,
1155 255 1247 282 dictus
1266 255 1467 287 Muckentaler,
1486 256 1532 283 hic
1551 257 1677 291 sepultus
1696 258 1724 284 111
1742 259 1842 293 porta]

539 298 629 332 [Anno
649 298 754 324 domini
774 298 840 324 1466
860 298 902 324 ob.
923 297 1035 324 domina
1054 298 1178 324 Barbara
1197 298 1393 325 Por-tne1·in***
1403 300 1431 332 ¹),
1456 308 1509 333 que
1533 300 1683 327 conventui
1702 301 1779 328 dedit
1798 303 1813 328 5
1827 304 1851 330 u
1867 303 1883 335 ᾧ

594 340 840 374 Ratisponensium
859 343 887 367 et
906 340 965 367 fieri
989 341 1058 367 fecit
1081 341 1252 367 testudinem
1276 341 1304 367 in
1323 342 1443 374 ambitu,
1467 343 1671 370 anniversarius
1695 344 1885 372 indifferenter

587 383 659 410 infra
680 386 808 410 octavam
828 384 994 414 celebratur,
1014 383 1198 411 denuncietur
1216 385 1365 411 heredibus
1383 386 1434 412 sub
1453 386 1543 420 pena]

539 428 620 453 Anno
639 426 743 452 domini
763 427 830 453 1363
848 427 891 453 ob.
911 427 944 453 fr.
963 426 1111 453 Heinricus
1130 427 1164 454 de
1183 427 1271 458 Tann,
1291 428 1388 455 valens
1401 431 1489 462 pater.
1526 429 1609 460 Nota,
1629 429 1786 456 celebratur
1805 430 1883 456 anni-

590 469 727 496 versarius
746 469 878 496 Iohannis
892 469 1028 501 Stachler,
1047 470 1206 504 Margarete
1224 470 1322 497 matris
1341 479 1389 497 sue
1408 472 1437 497 et
1450 471 1571 498 Barbare
1585 471 1684 498 sororis
1703 474 1731 499 et
1743 472 1882 499 Emerami

585 512 717 546 Wayters
736 512 787 538 5111)
806 521 887 546 pena.
925 513 1136 540 Anniversarius
1155 514 1266 540 domine
1285 514 1363 540 Anne
1388 514 1586 548 Ingolsteterin
1609 514 1774 541 celebratur.
1810 515 1882 542 Item

590 555 641 582 Ch.
655 556 729 581 Ante
744 558 859 589 pontem
873 555 1038 582 celebratur.
1065 557 1136 583 Item
1149 556 1288 591 Margrete
1302 557 1486 591 Parbingerin
1500 557 1665 584 celebratur.
1693 557 1744 584 Ob.
1757 557 1883 585 Elisabet

594 598 766 629 Hausnerin,
786 598 864 624 cuius
883 599 1089 626 anniversarius
1108 600 1273 626 celebratur.
1310 600 1390 634 [Item
1409 600 1614 627 anniversarius
1632 600 1771 627 Gabrielis
1785 601 1883 628 Vater-

590 642 697 668 steter*
717 641 889 673 celebratur,
908 641 957 674 qui
976 642 1054 669 dedit
1072 643 1101 668 in
1120 642 1236 669 edificiis
1255 643 1288 669 30
1301 644 1326 670 stt
1343 644 1360 677 ο)
1379 643 1632 677 Ratisponensium.
1652 644 1696 670 ob.
1717 644 1800 677 1462]

535 685 615 710 Α11110
635 684 739 711 (101111111
760 684 827 711 1436
845 685 889 711 ob.
909 685 941 710 fr.
968 684 1151 711 Ewerhardus
1170 685 1371 720 Stainspergen
1397 686 1537 719 quondam
1555 686 1707 721 gardianus
1726 686 1808 713 huius
1827 687 1882 713 1001

587 729 616 753 et
643 727 671 753 in
689 728 818 759 Monaco,
845 737 862 754 a
886 736 941 761 quo
961 729 1114 754 conventus
1140 728 1227 755 habet
1254 729 1370 755 4bonos
1397 730 1511 755 ornatus
1531 729 1564 756 de
1587 731 1693 756 sameto
1718 729 1807 763 piloso
1832 738 1881 763 pro

586 770 712 797 ecclesia.

538 814 588 840 Ob.
609 813 723 840 Georins
742 813 920 847 Hornperger
938 815 966 840 et
986 813 1080 839 Georii
1099 813 1150 839 filii
1176 813 1219 840 5111
1238 814 1394 841 celebretur
1418 816 1481 840 octo
1503 814 1562 841 dies
1585 816 1650 841 ante
1674 815 1719 841 vel
1742 816 1806 848 post
1830 814 1881 841 sub

588 865 673 890 pena,
697 864 769 883 anno
794 855 899 882 domini
924 856 999 883 1331.
1046 856 1258 883 Anniversarius
1286 857 1391 883 domini
1413 857 1501 883 Ulrici
1524 857 1757 884 Poschendorffer.
1802 858 1882 884 Anne

587 899 679 925 uxoris
699 899 857 925 celebratur
876 900 939 925 octo
959 898 1017 925 dies
1036 900 1101 926 ante
1121 899 1165 926 vel
1184 901 1249 933 post
1267 900 1368 926 festum
1387 909 1407 926 5.
1421 899 1497 926 Galli
1515 900 1565 926 sub
1584 909 1665 934 pena.

540 941 751 968 Anniversarius
771 942 903 968 Iohannis
922 942 1093 973 Durnsteter,
1113 941 1223 976 Gorgen
1242 942 1407 969 Dnrnsteter
1424 943 1589 970 celebratur.

540 985 752 1011 Anniversarius
770 986 972 1011 Gravnreutter
992 985 1068 1011 Inter
1085 984 1202 1012 Rasores
1222 985 1379 1012 celebratur
1398 986 1448 1012 sub
1467 995 1548 1020 pena.

541 1028 592 1055 Ob.
612 1028 738 1054 dominus
759 1027 895 1054 Iohannes
909 1027 1073 1062 Nottangst,
1093 1027 1162 1054 civis
1176 1028 1396 1062 Ratisponensis,
1416 1029 1494 1055 cuius
1507 1029 1711 1056 anniversarius
1725 1028 1882 1055 celebmtur

590 1072 645 1097 tres
665 1071 724 1097 dies
743 1072 808 1097 ante
827 1071 872 1097 vel
891 1072 955 1104 post
975 1070 1137 1097 Animarum
1156 1071 1206 1097 sub
1226 1080 1306 1105 pena.

537 1115 749 1141 Anniversarius
777 1114 882 1141 domini
906 1114 1022 1141 Martini
1041 1114 1171 1146 Paulser,
1200 1115 1326 1142 canonici
1349 1115 1444 1142 Sancti
1473 1115 1618 1145 Iohannis,
1646 1115 1804 1142 celebratur
1832 1114 1882 1140 sub

588 1166 669 1192 pena.
707 1158 778 1184 Item
806 1158 902 1184 eodem
930 1157 974 1183 die
993 1157 1199 1184 anniversarius
1219 1157 1335 1184 Fridrici
1354 1158 1535 1185 Weinczubel
1555 1158 1713 1185 celebratur
1731 1158 1781 1184 sub
1801 1166 1881 1191 pena,

586 1209 658 1227 anno
678 1200 783 1227 domini
804 1200 879 1227 1396.
917 1200 1128 1227 Anniversarius
1146 1201 1234 1235 Marg.
1249 1201 1455 1228 Peiczchoferin
1469 1201 1634 1228 celebratur.
1671 1200 1882 1228 Anniversarius

587 1243 698 1270 (101111110
717 1243 870 1269 Katherine
888 1242 1124 1270 Saczenhoferin*
1144 1245 1173 1269 et
1191 1243 1297 1269 domini
1316 1243 1479 1271 Wolfhardi
1500 1244 1598 1270 militis
1618 1243 1782 1270 celebratur.

535 1286 586 1313 Ob.
606 1286 732 1312 dominus
753 1285 863 1312 ulricus
883 1286 998 1312 Paulser
1015 1295 1089 1312 anno
1108 1286 1212 1313 domini
1233 1286 1306 1313 1324.

540 1329 752 1356 Annivm-sarius
765 1328 935 1356 venerabilis
950 1329 1054 1355 domini
1067 1329 1197 1356 Iohannis
1211 1329 1377 1361 Turenauer,
1398 1330 1495 1356 vicarii
1511 1330 1538 1356 in
1553 1330 1667 1360 Ilkofen.
1686 1329 1731 1356 hic
1745 1329 1880 1363 sepultus.

590 1372 748 1399 celebratur
767 1374 829 1398 octo
849 1372 908 1398 dies
927 1374 992 1399 ante
1013 1372 1056 1398 vel
1075 1374 1140 1406 post
1158 1373 1208 1399 sub
1229 1381 1309 1406 pena,
1329 1381 1403 1399 anno
1423 1372 1527 1399 domini
1548 1372 1621 1399 1436.

535 1415 746 1441 Annivm-sarius
765 1415 871 1441 domini
892 1414 941 1440 Ch.
960 1415 1068 1443 Piiller.
1094 1414 1210 1446 militis,
1239 1415 1272 1442 de
1291 1415 1420 1446 831001ιῖ
1445 1415 1585 1442 Christine
1604 1415 1696 1441 uxoris
1715 1414 1880 1441 celebratur.

588 1458 801 1484 Anniversarius
826 1458 966 1491 Margi-ete
990 1457 1132 1484 Inkoferin
1158 1458 1321 1484 celebratur.
1368 1458 1418 1484 Ob.
1444 1458 1476 1484 fr.
1500 1458 1662 1484 Franciscus
1686 1457 1880 1487 Rosenlaeher,

592 1501 730 1528 confessor
749 1500 947 1531 Clarissaruni,
967 1500 1053 1527 frater
1072 1500 1187 1527 honeste
1209 1501 1439 1527 conversacionis.

918 1581 949 1616 Ν
952 1581 1191 1619 OVEMBER.

539 1655 626 1686 Nota,
648 1655 722 1688 quod
750 1655 799 1682 1110
825 1655 869 1682 die
897 1656 1054 1683 celebratur
1078 1658 1178 1682 octava
1201 1655 1323 1682 omnium
1342 1655 1496 1682 animarum
1525 1656 1660 1689 perpetue
1684 1662 1746 1680 011111
1764 1652 1880 1687 vigiliis,

590 1698 716 1732 placebo,
737 1698 901 1725 visit-acione
921 1699 1129 1733 sepulchrorum
1148 1700 1176 1725 et
1195 1699 1279 1725 missa
1298 1699 1394 1726 eodem
1407 1698 1496 1729 modo,
1517 1697 1589 1723 sicut
1607 1697 1637 1723 fit
1657 1696 1686 1722 in
1698 1696 1742 1722 die
1757 1695 1878 1722 Comme-

587 1740 752 1768 moracionis
773 1741 894 1768 oninium
914 1741 1078 1773 animarum,
1098 1750 1130 1768 ex
1149 1743 1229 1776 parte
1249 1741 1409 1768 Perchtoldi
1427 1741 1537 1771 Schott,
1561 1739 1648 1767 nostri
1667 1738 1763 1773 magni
1782 1738 1880 1769 amici;

589 1786 742 1810 conventus
761 1784 848 1811 habet
862 1793 993 1819 magnam
1007 1784 1188 1819 pietaneiam,
1209 1794 1261 1818 que
1281 1785 1363 1811 datur
1381 1784 1431 1810 sub
1445 1792 1518 1818 pena
1530 1791 1640 1818 magna.
1669 1780 1880 1808 Anniversarius

589 1826 695 1853 domini
715 1827 831 1853 Fridrici
851 1828 884 1854 de
905 1828 964 1859 Aw,
983 1828 1052 1854 item
1071 1827 1119 1854 Ch.
1139 1828 1329 1862 Pa-umburger
1347 1827 1512 1854 celebratur.

542 1869 756 1896 Anniversarius
775 1870 868 1896 fratris
887 1870 1012 1897 Hainrici
1031 1871 1064 1897 de
1082 1871 1206 1901 Monaco,
1226 1871 1364 1904 quondan]
1383 1872 1475 1897 custos
1493 1869 1599 1896 Swevie
1618 1870 1645 1895 et
1664 1867 1755 1894 socius
1773 1866 1881 1900 provin-

587 1912 667 1938 cialis
686 1912 817 1943 ministri,
837 1913 1002 1940 celebratur.
1038 1913 1127 1944 Nota,
1151 1913 1357 1940 anniversarius
1382 1912 1542 1940 Ewerhardi
1561 1911 1732 1941 Maurhofer,
1756 1909 1880 1935 Elisabet

587 1955 679 1981 uxoris
699 1955 856 1982 celebratur
880 1956 931 1982 sub
960 1965 1046 1990 pena,
1073 1964 1146 1983 anno
1171 1956 1275 1983 domini
1296 1957 1370 1983 1402.
1407 1955 1618 1982 Anniversarius
1647 1953 1751 1980 domini
1771 1951 1881 1979 Alberti

589 1998 692 2024 Noczel
712 2000 740 2025 et
759 1998 864 2025 domini
877 1999 1066 2026 Bai-tholomei
1080 1999 1183 2026 Noczel
1203 1999 1360 2026 celebratur
1379 2001 1441 2026 octo
1460 1998 1518 2025 dies
1536 2000 1601 2024 ante
1616 1997 1660 2024 vel
1678 1997 1741 2030 post
1755 1997 1880 2022 sanctum

590 2040 742 2066 Mar-tinum
771 2041 822 2067 sub
850 2050 931 2075 pena.
968 2042 1058 2075 [Anno
1082 2042 1187 2068 domini
1213 2043 1278 2069 1467
1304 2042 1347 2069 ob.
1366 2041 1534 2068 wilhelmus
1562 2039 1747 2069 Paulstorffer,
1775 2037 1880 2064 amicus

590 2083 700 2115 ordinisy
721 2083 767 2110 hic
786 2085 913 2118 sepultus
933 2094 994 2111 cnm
1013 2087 1093 2119 patre
1113 2087 1141 2111 et
1160 2085 1377 2119 parentibus.***
1387 2085 1421 2118 ²)]

543 2126 646 2152 Eodem
665 2126 709 2153 die
730 2127 888 2153 celebratur
906 2127 1111 2154 anniversarius
1135 2128 1241 2154 domini
1261 2128 1379 2154 Conradi
1402 2127 1590 2162 Regeldorffer
1608 2126 1659 2152 5111)
1678 2133 1780 2159 magna
1798 2131 1880 2158 pena.

590 2170 660 2196 Item
679 2169 886 2197 anniversarius
905 2171 993 2197 UIrici
1018 2171 1092 2197 Lech
1116 2171 1274 2198 celebratur
1298 2174 1327 2198 et
1350 2171 1497 2198 domicelle
1515 2169 1633 2204 Agnetis
1652 2167 1791 2194 Hadrarin
1810 2166 1880 2193 0010-

586 2212 684 2238 bratur
702 2213 752 2238 sub
773 2221 852 2246 pena.
890 2213 967 2246 [1454
987 2213 1030 2239 ob.
1050 2213 1081 2239 fr.
1102 2213 1239 2240 Iohannes
1258 2214 1373 2240 Werder
1391 2213 1569 2240 termium-ius
1587 2212 1683 2238 multis
1702 2209 1798 2243 annis]

539 2255 751 2281 Anniversarius
767 2256 877 2282 domine
890 2256 1048 2290 Margarete
1062 2256 1241 2290 Weppeissin
1256 2257 1412 2284 celebratur
1431 2257 1481 2283 sub
1501 2264 1573 2290 pena
1591 2256 1654 2282 octo
1673 2254 1731 2281 dies
1750 2255 1815 2280 ante
1835 2252 1878 2278 vel

590 2301 660 2332 post.
697 2299 787 2332 [Anno
807 2299 911 2325 domini
933 2299 1006 2331 1463,
1032 2299 1101 2326 feria
1129 2302 1230 2333 quarta
1249 2302 1311 2333 post
1330 2309 1350 2326 s.
1371 2299 1486 2326 Martini
1511 2299 1555 2325 01).
1578 2298 1673 2324 Hanns
1692 2295 1878 2330 Weyspeckh‚

588 2341 634 2368 hic
659 2342 793 2375 sepultus.
838 2342 917 2368 Anno
942 2342 1048 2368 domini
1074 2342 1140 2368 1470
1168 2342 1195 2368 in
1223 2343 1322 2377 vigilia
1346 2352 1366 2369 5.
1392 2342 1534 2376 Dionysi³)
1560 2341 1681 2368 martiris
1705 2341 1748 2367 ob.
1777 2339 1879 2367 nobilis

590 2385 704 2411 domina
723 2385 897 2418 Kungundis,
917 2394 984 2411 uxor
1003 2385 1126 2411 Heinrici
1147 2385 1179 2412 [10
1196 2385 1350 2414 Paulstorff.
1370 2385 1415 2412 1110
1435 2386 1554 2419 sepulta.
1590 2385 1670 2410 Anno
1690 2383 1793 2410 domini
1814 2383 1879 2409 1478

588 2427 631 2453 ob.
652 2427 798 2454 Heinricus
818 2428 998 2455 Paulstorffer
1015 2429 1114 2455 sabato
1134 2432 1197 2463 post
1217 2429 1440 2456 Circumcisionis
1459 2428 1570 2455 Domini
1579 2430 1606 2461 ⁴).
1627 2428 1672 2454 hic.
1691 2426 1836 2461 sepuItus.]

542 2469 592 2496 Ob.
612 2470 723 2496 domina.
742 2472 833 2505 Agnes
853 2471 887 2497 de
907 2470 1086 2503 Camerstein,
1107 2472 1152 2498 hic
1173 2473 1291 2506 sepulta,
1313 2473 1402 2499 1284*

542 2512 592 2538 Ob.
611 2512 737 2539 dominus
756 2513 818 2539 Chr.
839 2513 980 2545 Frwmolt,
999 2514 1046 2541 hic
1067 2516 1200 2548 sepultus,
1220 2524 1291 2541 anno
1311 2515 1415 2542 (101111111
1434 2515 1523 2542 1331.*

334 2649 352 2680 ¹)
372 2648 458 2673 Arma
475 2649 562 2682 yemis
581 2650 698 2676 Portner
716 2653 739 2676 et
755 2651 838 2683 flentis
857 2650 972 2684 δίεν-γιον,
999 2659 1030 2677 eae
1053 2660 1108 2685 qua
1131 2655 1189 2678 orffa
1212 2655 1257 2684 est,
1276 2653 1305 2678 in
1324 2652 1441 2686 margine
1459 2652 1640 2685 conspicimus.

1747 2651 1767 2682 2)
1787 2649 1877 2675 Etiam

228 2698 306 2715 arma
326 2692 419 2716 uaeoris
438 2692 495 2717 eius
515 2693 701 2726 Mamm-ethna
722 2694 809 2720 Ecker
827 2694 858 2720 de
872 2694 975 2728 Poriny
989 2703 1075 2729 prope
1088 2696 1248 2729 scripturam
1264 2696 1387 2722 ridemus.
1418 2695 1572 2721 wilhelmus
1584 2695 1638 2727 ipse
1657 2693 1739 2719 lorica
1752 2695 1877 2726 arqentea

227 2732 338 2758 indutus
356 2736 399 2759 cst.

501 2736 519 2767 ³)
538 2739 562 2761 8.
580 2735 636 2761 Oct.

744 2738 763 2769 ⁴)
784 2740 806 2763 3.
822 2737 882 2763 Ιαη.
