2085 2999
228 136 290 165 216

282 236 330 262 IV.
344 246 408 263 non.

282 341 330 366 IIl.
345 348 407 365 non.

298 392 332 417 II.
347 400 408 417 non.

344 451 406 468 non.

257 536 330 562 VIII.
346 535 382 562 id.

269 588 329 614 VH.
344 588 380 613 id.

285 639 332 664 VI.
346 639 382 664 id.

302 691 333 717 V.
348 691 383 716 id.

286 742 333 768 lV.
347 741 383 767 id.

282 837 330 862 III.
345 835 382 862 Id.

297 888 329 913 H.
345 887 381 913 id.

344 991 380 1016 id.

241 1094 328 1120 XVII.
343 1093 399 1119 kal.

256 1146 328 1172 XVI.
342 1145 398 1171 kal.

270 1248 329 1274 XV.
342 1248 398 1274 kal.

260 1300 332 1325 XIV.
344 1300 399 1325 kal.

257 1447 329 1472 XIII.
346 1446 401 1471 kal.

272 1540 332 1567 XII.
347 1540 401 1566 kal.

284 1592 330 1617 XI.
346 1591 401 1617 kal.

300 1644 333 1670 X.
347 1643 402 1670 kal.

287 1695 333 1721 IX.
347 1695 402 1720 kal.

260 1747 334 1773 VIII.
348 1746 404 1772 kal.

273 1892 329 1918 VII.
343 1892 398 1918 kal.

284 1944 330 1970 VI.
345 1944 399 1969 kal.

300 1996 332 2022 V.
346 1996 402 2022 kal.

285 2048 330 2074 IV.
345 2048 400 2074 kal.

289 2187 335 2211 III.
350 2186 405 2211 kal.

300 2289 334 2314 ΙΙ.
349 2289 404 2314 kal.

350 2477 405 2503 kal.

294 2528 337 2553 IV.
352 2536 414 2553 non.

290 2666 414 2691 III.1]Oli.
469 2666 491 2692 3,
540 2658 700 2689 Gcrlolius
724 2659 793 2699 pbr.
820 2663 852 2689 ct
875 2671 915 2690 m.
956 2660 1118 2690 Ai-noldus
1141 2660 1161 2690 l.

445 991 483 1016 15.

447 1093 485 1118 16.

446 1145 486 1170 17.

446 1248 484 1274 18.

447 1300 486 1326 19.

447 1445 488 1471 20.

704 129 969 156 NECROLOGIUM
987 128 1204 155 WEIHENSTE
1210 127 1409 154 PHANENSE.

531 225 740 257 Eberhardus
764 225 833 266 pbr.
859 228 892 255 et
913 235 955 255 m.
980 235 1009 255 n.
1027 235 1075 265 cg.
1113 223 1254 254 Otkerus
1273 234 1319 256 cv.
1335 234 1364 254 n.
1384 233 1431 264 cg.
1467 223 1618 254 Liutkart
1633 234 1675 254 m.
1710 223 1883 254 Liutherus

593 277 756 308 accolitus.

530 329 702 360 Hainricus
726 329 910 369 imperator.
957 327 1129 358 Hainricus
1153 327 1172 357 l.
1208 327 1320 367 Agnes
1343 327 1363 357 l.
1404 325 1545 368 [Agneta
1569 325 1621 368 la]

532 381 615 411 Imia
639 391 679 410 m.
716 380 863 410 Liukart.
900 378 1085 419 Chunigunt
1108 389 1149 409 m.
1185 377 1367 421 [Hainricus
1390 378 1410 408 I.
1434 378 1569 409 vitrator
1593 378 1632 409 tle
1655 376 1847 420 Frisingen.]

531 430 727 462 Perhtoldus
750 431 820 472 pbr.
846 433 878 461 et
900 440 942 460 m.
967 441 996 460 n.
1023 440 1070 471 cg.
1108 428 1321 460 Gebehardus
1338 429 1407 470 pbr.
1448 437 1561 470 [Paulus
1575 437 1671 463 Ridler
1683 436 1884 463 cv.Undensis.

593 482 728 508 iohannes
748 481 838 507 saner
857 482 885 507 et
905 481 1041 506 Iohannes
1060 481 1148 514 pposi.
1169 480 1199 506 in
1219 480 1315 513 Grics]

533 526 661 566 Gumpo
687 525 756 566 pbr.
783 527 816 555 et
838 535 878 555 m.
916 524 1106 555 chunradus
1131 524 1205 555 dux.
1242 524 1400 565 Egilolfus
1424 523 1443 554 1.

530 579 634 613 Anno.
658 577 831 607 Heinricus
855 576 1078 616 Frisingenses
1102 577 1164 617 epi.
1199 576 1398 607 Diethardus
1422 576 1490 616 pbr.
1516 578 1548 606 et
1571 585 1612 606 m.

532 629 682 660 Maethilt
705 639 746 658 m.
782 627 1000 658 Willihalmus
1024 627 1044 658 1.
1081 626 1152 670 [Ob.
1179 626 1264 658 Gfita
1288 627 1307 658 l.
1334 627 1373 658 de
1398 625 1623 668 Stae‘mkriftnj

534 680 709 721 Sighardus
734 679 808 710 abb.
845 678 942 720 Regil
966 679 985 710 l.
1021 679 1176 710 Albcrtus
1201 679 1281 709 diac.

533 731 657 763 Perhta
685 742 725 762 m.
767 731 942 761 XValtricus
972 731 1040 772 pbr.
1087 730 1235 761 Hadmfit
1266 730 1286 761 l.
1341 739 1488 772 [lohannes
1512 738 1579 763 Part
1604 737 1664 771 pbr.
1693 736 1885 771 Sigismundus

592 782 810 809 Seiboltstorffer
829 782 900 808 diac.
920 784 948 808 et
968 791 1002 808 m.
1023 782 1049 808 in
1070 781 1222 815 Scheiren.]

532 826 708 856 WValtricus
733 826 801 866 pbr.
841 825 1001 856 Geroldus
1026 836 1072 856 CV.
1108 825 1270 856 Arnoldus
1294 825 1314 857 l.
1352 823 1512 867 [Alhaidis
1536 822 1589 866 la.]

532 877 709 919 Sighardus
740 877 809 918 pbr.
838 881 870 908 et
894 888 935 907 111.
959 889 988 908 n.
1013 888 1060 918 cg.
1107 877 1286 907 Hartniclus
1316 877 1335 907 l.
1361 877 1401 907 de
1430 875 1680 915 Frafienhoven,
1712 875 1766 916 qui
1796 874 1886 906 dedit

592 930 743 960 fratribus
767 929 808 960 ad
832 930 1011 960 servicium.
1045 928 1255 960 Meinhardus
1279 928 1298 959 l.
1336 936 1452 970 [Caspar
1470 935 1534 961 abb.
1554 935 1582 960 in
1602 934 1775 969 Formpach.]

530 980 721 1012 chunradus
745 992 790 1012 cv.
816 992 845 1012 n.
871 992 918 1022 cg.
954 981 1076 1011 Pei-hta
1099 991 1140 1011 m.
1186 979 1257 1022 [Ob.
1287 979 1459 1010 Hainricus
1489 978 1598 1010 Senfel
1627 978 1769 1009 subdiac.
1793 977 1885 1008 Nove

592 1031 704 1075 Colle]
745 1041 890 1066 Hem-icus
904 1049 980 1074 ppos.
1002 1041 1073 1066 Nare
1095 1040 1160 1066 Cella
1178 1040 1208 1064 in
1229 1040 1314 1065 Grics.

532 1084 709 1125 Sighardus
734 1094 780 1115 cv.
805 1095 834 1115 n.
861 1095 908 1125 cg.
942 1084 1115 1114 Hainric-us
1139 1083 1213 1114 abb.
1251 1083 1385 1124 Gotpolt
1408 1083 1428 1114 l.

533 1135 724 1166 Chfinradus
748 1136 816 1176 pbr.
843 1139 875 1166 et
898 1146 938 1166 m.
964 1147 993 1165 n.
1019 1146 1066 1176 cg.
1113 1134 1242 1166 Helena
1267 1146 1307 1166 m.
1355 1134 1544 1165 chunradus
1568 1134 1587 1165 l.
1633 1133 1798 1177 [Albertus
1821 1143 1884 1164 sac.

593 1190 625 1217 et
649 1186 703 1229 nr]

529 1239 631 1270 Aribo
656 1249 697 1269 ln.
722 1249 751 1268 n.
777 1249 825 1279 cg.
862 1238 1047 1268 Maethildis
1070 1249 1112 1268 m.
1152 1227 1279 1269 {lh-icus
1304 1238 1373 1279 pbr.
1414 1246 1560 1278 [Iohannes
1579 1245 1643 1274 abb,
1662 1245 1691 1271 in
1711 1245 1838 1278 Andezzq

532 1291 695 1331 Rutperht
718 1290 792 1320 abb.
827 1289 1023 1320 Porhtoldus
1047 1290 1066 1320 l.
1092 1290 1132 1321 de
1155 1289 1365 1330 Frafihovcn‚
1395 1290 1434 1321 (le
1465 1300 1527 1330 quo
1555 1289 1713 1320 habemus
1736 1288 1885 1330 predium

591 1342 631 1373 dc
660 1342 746 1372 Lern
778 1342 930 1372 fratribus
964 1342 1005 1372 ad
1038 1343 1207 1373 servicium
1238 1342 1379 1383 plenum.
1424 1342 1524 1372 Aribo
1554 1341 1574 1372 1,
1627 1348 1778 1382 [conradus
1805 1356 1884 1382 ppos.

593 1393 621 1418 iu
641 1392 738 1426 Gries,]

535 1436 673 1467 Gemma
701 1447 741 1467 m.
784 1436 980 1467 wilhelmus
1009 1436 1090 1467 diac.
1142 1436 1291 1467 Gcrwich
1322 1436 1340 1466 l.
1389 1443 1544 1476 [Ekhardus
1572 1443 1636 1470 abb.
1664 1443 1693 1469 iu
1722 1443 1885 1477 Ebersperg.

594 1488 721 1522 Raphael
742 1488 806 1514 abb.
826 1489 911 1514 Althe
931 1488 1104 1521 Superioris]

483 1561 488 1566 ,
533 1531 647 1572 Elspet
671 1542 711 1562 m.
748 1531 931 1562 Fritlcricus
956 1531 1029 1562 abb.
1065 1531 1238 1562 Hainricus
1262 1530 1281 1561 l.

534 1583 731 1613 Perhtoldus
754 1594 796 1614 m.
820 1594 849 1614 n.
875 1594 922 1624 cg.
960 1583 1102 1614 Gerdrut
1126 1593 1166 1613 m.
1206 1583 1308 1613 Immo
1334 1592 1380 1613 cv.

534 1634 698 1665 Rfithcrus
721 1635 791 1675 pbr.
817 1638 849 1666 ct
872 1646 913 1666 m.
938 1646 966 1666 n.
992 1646 1040 1676 cg.
1077 1634 1268 1665 Chfinradus
1292 1634 1366 1664 abb.
1403 1633 1494 1664 Hilta
1517 1644 1558 1664 m.

534 1686 661 1717 siricus
685 1686 758 1717 abb.
785 1685 996 1717 Gozrammus
1019 1686 1088 1727 pbr.
1115 1690 1147 1717 et
1169 1697 1209 1717 m.

468 1747 490 1771 ·,
537 1737 727 1768 Chfinradus
750 1737 956 1778 Moguntinus
981 1738 1148 1778 archieps..
1173 1737 1224 1767 hio
1244 1737 1475 1767 monasterium
1493 1736 1653 1767 dedicavit
1676 1740 1709 1767 et
1733 1736 1887 1777 optimam

594 1789 757 1830 plant-tam
781 1789 873 1819 uobis
898 1789 1037 1820 tradidit.
1074 1789 1263 1819 XValthcrus
1287 1789 1356 1829 pbr.
1383 1792 1415 1819 ct
1437 1799 1477 1819 m.
1501 1799 1530 1818 n.
1549 1798 1596 1829 cg.
1637 1795 1813 1830 O.Magenso
1826 1796 1885 1830 pbr.

592 1841 653 1874 [Ob.
676 1841 842 1866 venerabilis·
862 1842 950 1874 pater.
970 1841 1086 1866 domnus
1105 1840 1244 1866 Erhardus
1264 1840 1326 1865 abb.
1347 1839 1441 1866 Sancti
1461 1839 1536 1865 Petri
1556 1839 1743 1873 Salczpurge]

471 1894 486 1918 ἶ.
535 1885 694 1915 Oroi-oldus
720 1885 788 1926 pbr.
815 1888 847 1915 ct
870 1896 910 1915 m.
948 1885 1120 1915 IIainricus
1143 1885 1212 1925 pbr.
1253 1883 1365 1914 Dimfit
1388 1884 1407 1914 l.

465 1946 487 1970 “,
533 1937 649 1967 Hailca
673 1948 714 1968 m.
750 1937 920 1967 Pcrhtrich
945 1948 985 1967 m.
1025 1935 1232 1978 [Pei-tholdus
1256 1936 1404 1966 arcidiac.
1430 1939 1463 1966 et
1486 1946 1553 1966 can.
1572 1935 1701 1965 maioris
1725 1933 1885 1976 ecclesie.]

534 1988 727 2029 Lampertus
751 1988 824 2019 abb.
861 1989 1028 2019 Asowinus
1053 1988 1071 2019 l.
1108 1988 1244 2019 Rickart
1268 1999 1307 2018 ni.

484 2069 489 2073 .
534 2041 667 2081 Alprieh
692 2052 732 2071 ln.
773 2039 886 2071 Dlmlolt
907 2041 928 2071 l.
965 2049 1025 2082 [Oli.
1047 2048 1163 2074 Karolus
1177 2048 1252 2081 prior
1265 2057 1291 2073 n.
1305 2057 1346 2081 cg,
1377 2047 1525 2073 Hainricus
1539 2046 1619 2072 Sfiess
1632 2046 1693 2079 pbr.
1713 2047 1741 2071 et
1755 2045 1838 2071 confr.
1852 2055 1886 2076 n.‚

595 2092 668 2125 pleb.
689 2091 724 2117 ad
748 2092 880 2117 Sanctum
900 2092 1009 2121 Vitum,
1036 2092 1095 2125 ipse
1115 2090 1243 2117 fundavit.
1267 2091 1378 2116 missam
1402 2090 1612 2116 ebdomadalem
1639 2089 1673 2115 ad
1697 2089 1809 2115 beatam
1828 2089 1887 2115 Vir-

595 2135 717 2166 ginemU
738 2144 799 2161 cum
819 2135 922 2160 lumine
944 2135 1047 2161 ibidem
1067 2143 1138 2160 anno
1157 2134 1210 2169 7521

451 2186 492 2211 230.
539 2177 747 2208 Hicronimus
778 2178 852 2208 abb.
895 2178 1077 2219 Lutpoldus
1100 2189 1141 2208 ni.
1185 2170 1312 2208 Ulricus
1336 2177 1354 2208 l.
1403 2176 1542 2219 [Ilsunch
1567 2175 1604 2215 l.‚
1636 2175 1735 2206 frater
1766 2174 1887 2205 domini

450 2289 491 2315 31.

470 2479 490 2503 1.

601 2228 772 2259 Chfinradi.

536 2280 657 2315 Allicit.
676 2228 791 2311 Hailczi
808 2291 849 2311 m.
885 2281 1057 2311 Hainricus
1074 2281 1143 2321 pbr.
1162 2284 1193 2311 et
1211 2291 1251 2310 111.
1292 2280 1418 2310 L‘lricus
1434 2279 1503 2321 pbr.
1523 2282 1555 2309 ct
1571 2289 1611 2309 m.
1652 2277 1822 2318 Sapiencia
1840 2287 1886 2307 cv.

924 2404 1195 2439 NOVEMBER.

537 2469 708 2509 XVernher,
734 2469 860 2500 Gerunc
886 2480 932 2500 cv.
957 2481 985 2500 n.
1012 2481 1059 2511 cg.
1096 2470 1304 2511 Engilbcrtus
1328 2468 1401 2499 abb.
1439 2467 1522 2498 Tfita
1546 2467 1564 2497 l.

468 2529 491 2554 ¹2,
538 2521 615 2551 Otto
641 2532 686 2551 cv.
712 2532 740 2552 n.
767 2532 814 2562 cg.
850 2521 1043 2552 W'olvoldus
1067 2522 1139 2553 abb.
1180 2520 1387 2552 Pcrnhardus
1411 2520 1430 2550 l.
1467 2527 1515 2552 Ob.
1542 2525 1681 2552 Tietrieus
1707 2534 1765 2551 can.
1791 2525 1887 2551 Sancti

598 2572 672 2603 Viti.
701 2573 734 2598 de
758 2582 811 2605 quo
840 2573 974 2598 habemus<
1004 2573 1117 2606 plenum
1142 2572 1297 2599 servicium.
1345 2571 1489 2605 [liudolfus
1517 2569 1580 2595 abb.
1619 2568 1795 2594 Eberhardus
1823 2568 1887 2594 abb.

600 2615 737 2641 lohannes
756 2616 818 2641 abb.
840 2615 867 2641 in
889 2617 1034 2649 Augusta]

345 2761 364 2791 ¹)
386 2759 425 2784 B:
445 2760 479 2785 ad
500 2761 608 2787 beatem
630 2761 744 2787 Mariam
766 2762 907 2787 minorem.
