2085 2999
225 141 265 171 20

268 234 338 260 XIV.
353 234 407 260 kal.

251 320 324 346 XIII.
340 320 395 345 kal.

283 405 330 431 Vl.
345 405 398 431 kal.

279 491 328 517 ΙΙΙ,
343 490 398 516 kal.

342 670 396 696 kal.

285 928 334 954 111.
348 936 410 954 non.

273 971 332 996 VII.
346 970 383 997 id.

288 1013 334 1040 VI.
348 1013 383 1039 id.

285 1057 330 1083 IV.
345 1056 381 1082 id.

240 1099 327 1125 XVII.
341 1099 397 1125 kal.

274 1400 331 1426 XV.
349 1400 403 1426 kal.

269 1485 328 1511 XII.
342 1485 397 1512 kal.

282 1528 327 1554 XI.
342 1529 397 1555 kal.

299 1615 330 1641 X.
346 1615 400 1641 kal.

287 1744 332 1770 IX.
348 1744 402 1771 kal.

301 2046 332 2072 V.
347 2047 402 2073 kal.

284 2174 331 2201 IV.
346 2175 402 2202 kal.

292 2313 337 2339 IV.
353 2322 415 2339 non.

294 2399 341 2425 Ill.
356 2408 416 2426 non.

446 234 484 259 18.

443 319 482 345 19.

444 405 484 430 26.

444 490 484 516 29.

450 1013 488 1040 10.

446 1057 486 1083 12.

446 1099 484 1125 16.

452 1400 490 1426 18.

441 1487 484 1513 21.

442 1530 483 1555 22.

446 1616 487 1642 23.

448 1745 487 1771 24.

450 2176 491 2202 29.

470 2314 497 2339 2.-

469 2400 491 2425 23.

749 135 856 163 LIBER
875 135 1117 163 OBLATIONUM
1138 134 1351 163 INTICENSIS.

538 232 672 265 [Andreas
692 232 724 258 de
744 231 921 259 Haberberch
947 231 1003 262 ob.,
1028 230 1106 257 cuius
1129 231 1348 258 anniversarium
1372 231 1445 258 sicut
1467 230 1556 266 patris
1579 232 1607 258 et
1629 229 1726 258 matris
1748 229 1874 258 Hainrici

583 277 613 301 et
632 274 781 301 Gerdrudis
800 274 965 309 peragitur]

536 318 718 344 Ekkehardus
736 317 815 344 miles
834 317 892 349 ol»,
913 316 960 350 qui
979 316 1057 343 dedit
1078 316 1182 343 curiam
1201 317 1250 343 ouf
1267 317 1314 343 der
1332 316 1425 351 Stiege
1444 316 1472 343 in
1491 318 1583 343 monte
1602 316 1765 350 Welsperch
1784 315 1873 342 fratri-

586 361 637 387 bus
658 359 833 394 presentibus
852 359 887 385 ad
906 359 1087 386 oblacionem.

540 404 727 437 [Eberhardus
757 403 789 429 de
819 402 1012 436 Chussnperch
1041 411 1099 428 can.
1122 401 1204 428 huius
1227 401 1343 429 ecclesie
1371 404 1399 429 et
1425 402 1498 436 pleb.
1526 402 1555 428 in
1582 401 1759 436 Nyderndorf
1783 401 1826 428 ob.
1845 401 1873 427 in

584 446 692 472 Christo
712 445 842 479 domino]

540 489 616 516 Gisla
635 489 687 521 ob.‚
707 497 759 522 que
778 488 885 522 legavit
904 488 1019 516 ecclesie
1039 488 1118 514 beati
1137 487 1303 514 Michahelis
1323 490 1351 514 et
1369 488 1446 515 beati
1465 487 1583 514 Candidi
1602 496 1695 522 agros,
1722 488 1754 514 de
1773 487 1874 521 quibus

585 533 686 559 dantur
705 533 737 558 20
757 532 902 558 denariate
922 540 989 563 cere,
1011 531 1042 557 10
1061 531 1145 557 beato
1164 531 1316 558 Michaheli
1335 533 1363 557 et
1384 531 1415 557 10
1434 531 1516 558 beato
1537 531 1669 558 Candido.

935 611 1170 648 OCTOBER.

538 668 683 703 [Dominus
708 669 891 695 Pcrmesanus
920 677 979 695 can.
998 668 1081 694 huius
1111 668 1226 695 ecclesie
1254 668 1308 700 ob.,
1335 668 1383 702 qui
1406 677 1455 702 pro
1481 667 1590 695 domino
1614 669 1790 696 Bonacuntro
1813 678 1874 704 epo.

589 712 748 744 Veronensi,
768 712 817 746 qui
836 711 921 739 etiam
942 712 991 738 100
1002 713 1031 738 n,
1044 711 1244 738 Veronensium
1268 711 1333 738 huic
1357 711 1471 738 ecclesie
1496 711 1612 738 donavit
1635 720 1667 738 ac
1689 712 1752 739 inde
1777 721 1827 747 pro
1847 721 1874 740 se

585 755 646 790 ipso
665 765 748 782 unam
768 756 924 782 clausuram
944 755 1085 782 vinearum
1108 763 1195 789 prope
1220 754 1385 782 Tridentum
1409 754 1437 780 in
1461 755 1582 781 contrati
1604 755 1662 789 (sic)
1687 755 1801 790 Bulgari
1825 764 1875 790 pro

585 798 705 825 remedio
724 798 767 825 sui
785 798 874 832 ipsius
893 800 921 825 et
940 797 1077 824 antedicti
1097 797 1201 824 domini
1214 797 1383 824 Bonacuntri
1401 797 1467 823 huic
1481 798 1603 829 ecclesie,
1623 797 1755 825 videlicet
1773 807 1791 824 s.
1808 798 1875 825 Can—

587 841 657 873 didi,
681 843 816 875 perpetuo
836 840 954 867 tradidit
978 843 1007 868 et
1030 840 1151 875 legavit,
1174 842 1257 874 prout
1276 840 1304 866 in
1323 840 1435 874 publico
1455 839 1637 867 instrumento
1655 840 1735 867 nobis
1754 843 1782 868 et
1801 841 1875 868 dicte

590 886 682 911 nostre
702 884 818 911 ecclesie
838 893 921 918 super
939 884 990 910 hec
1010 885 1076 911 dato
1096 886 1124 910 et
1144 883 1301 917 conscripto
1321 883 1422 910 clarius
1441 883 1617 917 continetur.]

540 927 663 962 Regulus
683 928 742 961 pbr.
763 928 791 954 et
811 928 892 954 confr.
913 937 938 954 n.
959 929 987 954 et
1005 927 1078 961 pleb.
1099 927 1150 960 οἶα,
1170 927 1218 960 qui
1236 926 1314 953 dedit
1331 935 1428 961 agrum
1447 926 1606 954 Werfelein.

538 971 714 997 Bernhardus
734 971 793 1004 pbr.
813 971 865 1004 ob.,
885 971 932 1004 qui
953 970 1029 997 dedit
1049 970 1102 997 duo
1122 970 1220 1004 predia
1239 969 1266 995 in
1285 972 1379 996 monte
1398 969 1549 996 Planchen.

542 1012 706 1039 Chfinradus
724 1014 781 1040 dec.
801 1013 852 1045 ob„
872 1013 920 1047 qui
939 1013 1016 1040 dedit
1035 1013 1161 1047 predium
1180 1013 1311 1039 Haslach.

539 1055 714 1083 Chi-istobola
733 1056 784 1088 οἱ).1
804 1065 857 1090 que
876 1056 953 1083 dedit
972 1065 1070 1090 agrum
1088 1066 1107 1082 s.
1128 1055 1259 1083 Candido.

541 1099 638 1125 Petrus
657 1099 752 1126 Sartor
770 1099 822 1130 ob„
842 1099 890 1133 qui
910 1099 1016 1134 legavit
1034 1099 1118 1126 beato
1132 1098 1255 1125 Candido
1275 1098 1343 1125 duas
1356 1098 1459 1131 domus,
1479 1107 1569 1131 unam,
1588 1098 1618 1125 in
1636 1109 1692 1134 qua
1709 1101 1876 1133 morabatur,

588 1151 650 1168 cuni
669 1142 772 1174 cell-ari,
792 1142 948 1173 secundam,
968 1151 1021 1176 que
1041 1142 1144 1168 dicitur
1163 1142 1191 1168 in
1211 1142 1259 1168 der
1277 1140 1365 1173 Hffibe,
1385 1151 1446 1168 cuni
1466 1142 1562 1169 horreo
1581 1145 1610 1169 et
1628 1143 1716 1170 hortis
1735 1143 1877 1171 circumia-

589 1185 716 1212 centibus
742 1188 771 1212 et
790 1185 857 1212 duos
877 1194 971 1219 agros,
997 1194 1082 1211 unum
1101 1185 1188 1211 under
1206 1184 1321 1215 Wistal,
1345 1185 1493 1212 secundum
1517 1194 1615 1220 agrum
1634 1186 1740 1213 dictum
1759 1187 1876 1214 Newen-

587 1228 695 1262 burger,
715 1228 748 1254 de
767 1228 867 1262 quibus
880 1228 1006 1254 omnibus
1026 1227 1160 1261 predictis
1179 1227 1287 1253 oblacio
1307 1228 1389 1254 datur
1408 1228 1524 1255 dominis
1538 1229 1678 1255 canonicis
1693 1230 1876 1263 presentibus.

589 1271 736 1305 [Magister
754 1272 787 1299 Η,
807 1271 896 1298 Faber
915 1271 966 1302 ob.⁷
986 1272 1033 1304 qui
1053 1270 1160 1305 legavit
1179 1271 1261 1297 beato
1277 1270 1400 1297 Candido
1414 1271 1524 1298 domum
1542 1281 1627 1299 unam
1646 1275 1674 1299 et
1692 1282 1784 1299 aream
1803 1275 1876 1300 retro

589 1314 711 1340 Vatsche
731 1316 759 1341 et
778 1315 793 1340 ’ἲ
813 1323 897 1348 opera
917 1316 1059 1348 pratorum
1078 1313 1105 1339 in
1124 1314 1214 1344 Sexto,
1234 1322 1350 1347 quorum
1373 1314 1428 1340 tria
1451 1317 1534 1348 prata
1557 1318 1621 1342 sunt
1643 1315 1672 1342 in
1691 1316 1876 1343 Cholsalhech

590 1360 618 1384 et
638 1358 662 1387 4,
682 1357 729 1390 qui
749 1357 878 1383 dicuntur
898 1357 1063 1391 Emideigen,
1084 1356 1155 1383 unde
1174 1356 1306 1382 fratribus
1326 1356 1500 1390 presentibus
1519 1357 1626 1384 oblacio
1645 1359 1809 1393 exolvatur]

544 1400 689 1426 Heinricus
708 1401 871 1426 scolasticus
898 1402 926 1426 et
949 1408 1008 1426 can.
1027 1399 1109 1425 huius
1127 1398 1242 1426 ecclesie
1262 1399 1313 1430 ob,
1341 1399 1389 1432 qui
1417 1400 1535 1427 tradidit
1558 1400 1640 1428 beato
1663 1402 1787 1429 Candido
1810 1402 1877 1428 duos

589 1453 669 1478 agros
688 1444 724 1470 ad
743 1443 916 1470 oblacioneni
935 1442 1066 1469 fratribus
1086 1442 1268 1476 presentibus.

539 1487 743 1521 Regenwardus
763 1487 779 1513 l.
800 1487 852 1517 ob„
872 1486 920 1520 qui
939 1486 1016 1513 dedit
1035 1495 1132 1520 agrum
1151 1486 1283 1512 Haslaeh.
1319 1485 1480 1520 Haeclwigis
1499 1486 1551 1519 ob.,
1571 1496 1624 1520 que
1643 1487 1720 1514 dedit
1739 1490 1837 1515 ortum.

538 1530 676 1556 Diemodis
699 1539 766 1557 uxor
786 1531 829 1556 Ot.
853 1530 885 1556 (le
912 1530 999 1556 Puhel
1023 1530 1078 1561 ob,
1103 1538 1155 1562 que
1184 1529 1291 1563 legavit
1323 1529 1388 1555 huic
1412 1529 1527 1556 ecclesie
1558 1530 1682 1557 redditus
1708 1531 1719 1556 1
1739 1532 1764 1557 lla
1777 1531 1875 1558 Veron.

591 1574 626 1600 ad
645 1574 825 1600 oblacioucm.

543 1616 685 1649 [Dominus
710 1617 845 1643 Iohannes
870 1617 1008 1651 Ilosnagel
1031 1617 1088 1643 dec.
1109 1617 1150 1642 ob.
1172 1625 1243 1642 anno
1271 1617 1375 1643 domini
1397 1618 1470 1649 1367,
1494 1617 1542 1651 qui
1565 1618 1672 1653 legavit
1690 1620 1719 1645 (t.
1738 1619 1754 1644 2
1773 1619 1877 1646 dandas

591 1660 618 1685 in
639 1659 826 1686 anniversario
845 1669 893 1686 suo
913 1660 1046 1686 fratribus
1065 1660 1240 1694 presentibus
1254 1660 1444 1687 sacerdotibus
1464 1661 1496 1687 de
1516 1661 1596 1688 domo
1615 1662 1754 1695 quondam
1773 1662 1877 1689 domini

591 1702 713 1729 Lucerne
733 1705 828 1737 empta
847 1712 862 1729 a
882 1703 1053 1737 Castnariis]

541 1746 661 1773 Berclita
690 1747 723 1772 de
751 1747 823 1773 Tran
855 1747 907 1777 ob.,
943 1756 996 1780 que
1023 1747 1100 1774 dedit
1127 1747 1253 1781 predium
1281 1747 1339 1774 eius
1371 1747 1454 1774 beato
1482 1746 1605 1773 Candido
1631 1747 1667 1773 ad
1694 1747 1877 1774 oblacione-m.

595 1789 737 1821 [Dominus
755 1790 902 1816 Hainricus
922 1791 954 1816 de
976 1790 1074 1816 Unibst
1095 1799 1153 1816 can.
1174 1791 1254 1817 huius
1274 1790 1345 1821 loci,
1373 1790 1447 1824 pleb.
1466 1789 1495 1816 in
1514 1790 1592 1821 Gais,
1613 1790 1669 1821 ob.,
1697 1790 1745 1823 qui
1771 1790 1878 1825 legavit

594 1833 622 1858 u.
636 1833 651 1858 2
671 1833 776 1859 <landas
789 1833 922 1859 fratribus
936 1834 1111 1867 presentibus
1124 1835 1315 1861 sacerdotibus
1334 1835 1367 1861 de
1386 1835 1466 1860 domo
1480 1834 1618 1867 quondam
1632 1834 1736 1860 domini
1748 1834 1878 1865 Lucerne,

591 1885 644 1908 que
665 1879 779 1903 vocatur
798 1877 894 1903 domus
913 1886 957 1902 :un
978 1877 1052 1910 Steg,
1073 1877 1113 1903 itia
1131 1877 1205 1910 quod
1224 1877 1381 1911 quicunque
1401 1879 1478 1903 tenet
1496 1877 1609 1904 eandem
1630 1877 1748 1909 domum,
1768 1879 1878 1904 tenetur

592 1919 722 1953 expedire
751 1921 813 1946 611.
843 1929 891 1953 pro
920 1919 1009 1946 tribus
1035 1919 1242 1949 anniversariis,
1271 1920 1379 1947 scilicet
1408 1919 1512 1946 domini
1542 1920 1667 1946 Hainrici
1700 1920 1822 1947 Lucerne
1850 1923 1878 1947 et

591 1961 695 1988 domini
722 1963 852 1989 Iohannis
872 1963 994 1997 Rosnagl
1015 1964 1043 1989 et
1061 1963 1166 1989 domini
1185 1963 1310 1990 Halm-ici
1330 1964 1363 1990 de
1383 1963 1483 1989 Unibst
1502 1966 1530 1990 et
1550 1963 1578 1989 in
1603 1963 1663 1990 istis
1682 1963 1879 1990 anniversariis

593 2005 733 2032 visitando
752 2006 919 2040 sepulchra.]

544 2048 684 2081 [Dominus
704 2049 848 2076 Heinrieus
868 2050 991 2076 Lucerna
1011 2059 1070 2076 cau.
1090 2049 1235 2076 Inticensis
1255 2052 1281 2076 et
1301 2049 1387 2076 frater
1404 2059 1467 2076 suus
1481 2049 1637 2076 Fridericus
1650 2049 1692 2076 ob.
1713 2049 1741 2075 in
1760 2049 1877 2081 domino,

592 2091 640 2124 qui
660 2092 791 2119 videlicet
815 2092 940 2118 dominus
968 2093 1000 2118 H.
1020 2093 1144 2119 Lucerna
1166 2093 1244 2119 (ledit
1263 2093 1374 2119 domum
1398 2102 1489 2124 suam,
1518 2093 1546 2118 in
1565 2101 1620 2126 qua,
1639 2092 1752 2124 resedit,
1775 2093 1811 2118 ad
1833 2093 1879 2118 ob-

593 2134 728 2161 lacionem
742 2135 876 2161 fratribus
888 2135 1070 2169 presentibus,
1090 2144 1174 2169 quani
1187 2135 1360 2162 oblat-ionem
1373 2135 1568 2169 augmentarit
1587 2135 1678 2161 iunior
1689 2135 1722 2161 H.
1736 2135 1878 2169 Lucerna]

546 2176 686 2204 Fridricus
706 2178 798 2204 dictus
818 2178 966 2206 Ozziacher
985 2187 1045 2206 can.
1064 2178 1145 2205 huius
1165 2178 1279 2206 ecclesie
1299 2179 1342 2206 ob.

919 2259 1191 2297 NOVEMBER.

547 2315 648 2341 Albero
670 2315 801 2349 subdyac.
818 2318 846 2342 et
864 2316 895 2343 fr.
915 2326 939 2342 n.
957 2317 1009 2348 ob.‚
1033 2317 1081 2351 qui
1105 2317 1183 2344 dedit
1207 2317 1285 2343 nobis
1310 2317 1455 2345 dimidiam
1479 2318 1584 2346 curiam
1606 2318 1633 2345 in
1654 2319 1748 2345 Monte
1774 2318 1810 2344 ad
1832 2319 1878 2345 ob-

595 2357 764 2391 lacionem.¹)

547 2400 614 2426 Otto
634 2410 687 2427 sac.
707 2403 736 2427 et
754 2402 784 2427 fr.
799 2411 824 2427 n.
845 2404 936 2428 custos
946 2403 1061 2429 ecclesie
1075 2403 1152 2430 dedit
1170 2406 1226 2431 tres
1245 2413 1333 2438 agros,
1355 2414 1436 2431 unuin
1456 2405 1660 2432 inWerfeleine
1674 2407 1702 2431 et
1714 2405 1881 2431 Anewanter

593 2446 621 2469 et
648 2453 730 2477 super
758 2445 896 2471 Talacher
922 2449 950 2472 ct
977 2449 1087 2480 pratum
1114 2448 1130 2473 4
1155 2456 1268 2481 operum
1297 2447 1325 2473 in
1351 2447 1614 2482 Engelmaresperge
1642 2448 1677 2474 ad
1708 2447 1879 2474 oblacioncm

594 2487 736 2520 [fratribus
756 2489 945 2522 presentibus:
965 2490 1109 2523 sepultura
1127 2490 1177 2516 sub
1198 2491 1327 2524 capella]

342 2607 361 2637 ¹)
384 2605 418 2630 Ιη
437 2608 556 2639 mamma
576 2607 739 2641 adscriptwn
758 2612 809 2634 est:
831 2609 897 2640 „Hic
916 2609 953 2636 ist
972 2619 1003 2636 zu
1017 2611 1154 2643 mei-chen,
1174 2611 1223 2637 das
1242 2612 1313 2638 nach
1327 2611 1430 2638 Christi
1447 2611 1554 2645 gepurd
1570 2611 1636 2637 1413
1654 2620 1688 2637 an
1701 2611 1769 2637 sant]
1784 2610 1881 2637 Gallen

237 2649 287 2681 tag
306 2647 343 2674 ist
362 2648 410 2674 das
431 2650 573 2682 gotshaws
593 2651 661 2677 sand
681 2651 822 2678 Candiden
841 2655 964 2679 munster
982 2653 1037 2679 und
1056 2654 1125 2680 sand
1147 2654 1265 2680 Michels
1288 2664 1320 2681 zu
1343 2655 1390 2681 der
1412 2655 1497 2688 pharr
1520 2663 1552 2680 zu
1572 2654 1723 2688 Inchingen
1741 2654 1793 2680 mit
1812 2653 1881 2680 aller

237 2689 322 2721 ezier,
343 2692 419 2723 turn,
440 2692 577 2726 glokken‚
597 2694 699 2727 orglen,
718 2694 815 2728 gleser.
835 2695 890 2721 und
909 2696 1055 2729 geiniilden
1074 2697 1130 2722 und
1149 2697 1200 2722 mit
1219 2697 1288 2724 aller
1311 2697 1409 2723 andrei·
1428 2697 1482 2723 zier
1500 2706 1550 2731 gar
1568 2697 1624 2723 und
1641 2696 1803 2731 genczleich
1821 2706 1880 2723 ver-

238 2742 363 2766 prunnen
392 2735 448 2760 und
469 2735 631 2767 jiinicrleich
660 2738 714 2763 und
742 2738 900 2772 chlagleich
927 2742 1055 2773 erczeugt
1079 2739 1130 2766 mit
1154 2742 1247 2774 sampt
1269 2740 1344 2768 allen
1362 2741 1486 2767 hewsern
1513 2740 1542 2766 in
1569 2740 1630 2766 dem
1649 2740 1730 2771 dorff,
1757 2740 1805 2766 der
1831 2747 1882 2774 gar

240 2776 328 2810 wenig
342 2777 403 2802 sind
415 2777 549 2806 deri-ettet
560 2780 677 2811 worden,
692 2781 746 2808 und
760 2781 831 2807 auch
846 2781 904 2808 lent
917 2782 1118 2809 crstikcliotten
1133 2783 1187 2809 und
1201 2784 1304 2810 ctleieh
1318 2784 1353 2809 ab
1367 2784 1435 2810 sand
1448 2783 1589 2810 Candideu
1600 2785 1663 2810 turn
1676 2782 1877 2809 herabviele11.“
