2085 2999
391 144 498 171 LIBER
517 143 877 171 ANNIVERSARIORUM
895 143 1074 170 FRATRUM
1094 144 1271 170 MINORUM
1290 145 1623 174 RATISBONENSIUM.
1766 152 1829 182 259

203 238 276 265 XVI.
289 239 345 266 kal.
392 239 431 265 16.

217 281 276 308 XV.
289 281 346 308 kal.
392 282 432 308 17.

207 366 281 394 XIV.
294 367 350 394 kal.
396 367 435 393 18.

200 452 276 479 XIII.
290 452 346 478 kal.
392 452 431 479 19.

230 623 278 650 XI.
291 623 347 650 kal.
392 622 433 649 21.

199 750 276 777 VIII.
289 750 345 777 kal.
390 751 431 777 24.

225 878 271 905 VI.
285 878 341 905 kal.
385 878 427 905 26.

241 965 275 991 V.
288 965 343 991 kal.
389 965 430 991 27.

232 1309 267 1335 ΙΙ.
281 1309 336 1335 kal.
382 1308 423 1336 30.

227 1515 275 1541 III.
288 1523 350 1542 non.
406 1514 429 1541 3.

241 1643 275 1669 11.
289 1651 350 1669 11011.
405 1644 429 1669 4.

285 1865 346 1884 non.
403 1858 427 1884 5.

200 1941 274 1968 VIII.
289 1942 325 1968 id.
405 1943 428 1970 6.

209 2157 270 2183 VII.
284 2158 321 2184 id.
401 2159 424 2185 7.

225 2244 269 2270 VI.
284 2244 322 2270 id.
400 2245 424 2270 8.

237 2373 270 2399 ΙΙ.
285 2373 321 2399 id.
385 2374 425 2400 12.

194 2587 267 2613 XIX.
281 2587 337 2614 kal.
384 2589 423 2615 14.

485 238 536 265 Ob.
555 237 682 264 dominus
702 238 837 264 Iohannes
856 237 889 264 de
909 238 1102 272 Tegemheim,
1121 238 1166 264 hie
1186 239 1320 272 sepultus,
1339 248 1410 266 anno
1430 240 1534 267 domini
1555 241 1644 268 1354*

485 280 534 308 Ob.
556 280 682 307 dominus
706 280 785 311 Otto,
811 280 884 306 filius
909 280 1025 307 senioris
1044 281 1150 307 domini
1170 281 1282 308 Ottonis
1301 282 1335 308 de
1355 282 1442 316 Rayn‚
1461 283 1608 315 vitztumb,
1627 284 1673 312 hie
1691 286 1827 319 sepultus,

539 332 611 350 anno
630 323 734 350 domini
755 323 844 349 13433*ι

489 366 703 393 Anniversarius
722 366 893 393 honorabilis
917 365 1034 399 domini,
1063 366 1166 392 domini
1193 366 1269 393 Petri
1297 367 1330 394 de
1355 368 1491 402 Remago,
1516 370 1641 396 canonici
1667 370 1695 396 in
1713 381 1827 405 5111111110,

535 409 700 435 celebratur.

485 451 574 484 Nota,
606 451 811 478 anniversarius
836 450 955 477 Conradi
973 451 1187 487 Wildenberger
1214 452 1371 480 celebratur
1397 455 1448 481 sub
1479 464 1560 489 pena.
1607 457 1696 489 [Anno
1723 459 1827 486 domini

539 495 605 521 1485
619 494 662 520 ob.
676 494 848 520 honorabilis
867 494 978 521 domina
991 495 1172 529 Margaretha
1190 495 1346 530 Ringffirin,
1365 506 1418 530 que
1437 498 1546 533 legavit
1565 502 1713 528 conventui
1733 505 1827 529 nostro

534 539 625 564 ortum
654 537 778 563 vicinum
805 536 860 563 orti
888 537 944 569 (sic)
972 540 1066 564 nostro
1094 547 1212 565 unacum
1245 539 1325 565 domo
1350 539 1379 565 in
1411 541 1507 568 eodem
1532 544 1592 569 orto
1616 543 1721 577 posita,
1750 546 1827 572 cuius

534 580 737 606 anniversarius
757 579 921 611 celebratur,
950 589 1003 614 que
1022 580 1094 607 obiit
1112 581 1142 607 in
1162 581 1207 608 die
1226 584 1322 609 sancte
1341 583 1474 610 Elizabet.

486 622 538 649 Hic
565 625 692 649 tenemur
716 625 852 656 perpetuo
880 623 1020 650 celebrare
1039 623 1258 651 anniversarium
1286 625 1392 652 domini
1421 626 1555 654 Hertwici
1582 629 1615 656 (19
1642 630 1825 667 Degenberig,

533 665 690 695 militis***‚
710 674 726 691 a
745 674 800 698 quo
820 667 972 692 conventus
994 666 1141 693 annuatim
1164 669 1192 693 et
1217 669 1354 701 perpetuo
1373 672 1503 703 receptus
1529 673 1570 697 est
1589 680 1673 698 unam
1692 674 1826 701 schaffam

534 707 655 742 siliginis
673 708 702 734 in
720 708 858 742 Pledling.

486 750 609 782 Quatuor
627 750 685 777 dies
704 753 769 777 ante
789 751 833 777 vel
858 752 922 784 post
946 751 1102 778 celebratur
1125 751 1329 779 anniversarius
1355 753 1475 780 Com-adi
1499 755 1629 788 Korbler‚
1658 758 1706 784 Els
1734 760 1826 786 uxoris

535 802 596 825 sue,
625 793 743 819 Fridi-ici
772 793 897 825 Korbhzr,
924 794 1051 820 Elisabet
1081 794 1172 821 uxoris
1199 795 1249 821 sub
1281 804 1362 829 pena,
1390 805 1462 823 anno
1488 798 1593 825 domini
1620 801 1694 827 1454.
1742 803 1827 829 Anni-

541 836 677 862 versarius
696 836 800 870 Rugeri
820 837 988 864 balneatoris
1007 839 1036 864 et
1055 838 1146 863 uxoris
1165 847 1212 864 sue
1232 839 1396 866 celebratur.

480 879 558 905 Anno
578 879 683 905 domini
704 879 770 905 1314
789 879 832 906 ob.
852 880 1019 906 venerabilis
1038 880 1067 906 in
1086 880 1196 906 Christo
1216 883 1297 914 pater
1315 884 1343 908 et
1358 882 1493 916 dominus,
1514 885 1640 912 dominus
1653 886 1826 923 Hartungus,

537 931 593 956 eps.
613 922 817 956 Semigalensis‚
837 922 941 949 ordinis
960 932 981 949 5.
1003 923 1152 954 Francisei,
1172 923 1218 949 1110
1238 924 1404 958 591)1111115,**

483 965 696 992 Anniversarius
731 966 891 999 Marquardi
911 966 1047 997 Wurfler,
1075 966 1200 993 Elisabet
1234 968 1327 993 uxoris
1356 968 1512 995 celebratur
1538 970 1589 996 sub
1617 980 1696 1005 pena.
1740 975 1826 1001 Anni-

534 1009 669 1035 versarius
688 1009 794 1035 domini
813 1008 968 1041 Gameredi,
988 1009 1035 1035 Els
1054 1009 1147 1036 uxoris
1161 1009 1319 1036 celebratur
1337 1013 1393 1037 tres
1412 1011 1470 1038 dies
1488 1014 1553 1039 ante
1568 1013 1611 1040 vel
1625 1018 1689 1048 post
1707 1017 1826 1046 Andree.

533 1051 604 1078 Item
615 1051 821 1078 anniversarius
833 1052 957 1078 Hainrici
971 1053 1068 1084 Kurcz,
1083 1052 1233 1078 Leukardis
1243 1054 1335 1079 uxoris
1348 1054 1513 1082 celebratur.
1534 1056 1662 1084 Officium
1672 1060 1826 1096 sollempne

532 1094 581 1121 fiat
600 1103 650 1128 pro
668 1094 796 1129 patribus
815 1097 845 1122 et
857 1095 993 1122 matribus
1013 1095 1135 1122 omnium
1155 1096 1272 1122 fratrum
1290 1096 1390 1124 ultimo
1410 1098 1454 1125 die
1468 1099 1560 1126 feriali
1579 1104 1645 1128 ante
1658 1103 1825 1132 Adventum.

533 1137 603 1164 Item
622 1137 827 1164 anniversarius
844 1138 922 1164 Anne
942 1138 1039 1164 Karlin
1058 1140 1087 1165 et
1105 1138 1172 1164 Karl
1197 1139 1292 1165 mariti
1314 1139 1373 1166 eius
1400 1142 1428 1167 et
1447 1141 1574 1169 Elisabet
1592 1144 1663 1172 Hass
1682 1149 1825 1181 wagnerin

532 1190 640 1216 semper
663 1183 713 1209 sub
743 1191 816 1217 pena
835 1183 992 1210 celebratur
1020 1183 1046 1209 in
1067 1183 1208 1210 tricesima.
1226 1184 1399 1212 Animarum.
1436 1187 1646 1215 Anniversarius
1664 1189 1769 1216 domini
1791 1191 1825 1218 de

533 1224 694 1259 Frannberg
712 1225 877 1252 celebratur.
914 1226 1126 1252 Anniversarius
1144 1227 1306 1253 Mechtildis
1325 1228 1461 1255 Gruberin
1486 1232 1515 1256 et
1534 1230 1685 1259 Katherine
1705 1236 1826 1268 cognate

533 1267 591 1294 91115
610 1268 775 1295 celebratur.

477 1311 555 1336 Anno
579 1310 683 1336 domini
710 1311 774 1337 1445
801 1311 845 1338 ob.
868 1311 970 1337 nobilis
996 1314 1024 1338 et
1047 1313 1174 1338 strenuus
1204 1312 1258 1344 vir,
1285 1313 1413 1341 dominus
1432 1314 1600 1343 wilhelmus
1627 1317 1660 1343 (19
1685 1317 1830 1346 Paulstorf

533 1353 624 1380 senior
642 1354 696 1385 1110,
716 1354 897 1388 sepultus.***

864 1451 1131 1488 DECEMBER.

483 1514 567 1545 Nota,
587 1515 791 1542 anniversarius
809 1525 932 1543 sororum
951 1518 1031 1544 Anne
1051 1520 1080 1544 et
1099 1518 1204 1545 Helene
1223 1518 1324 1545 Geerin
1343 1519 1379 1546 ad
1392 1520 1522 1546 Sanctam
1537 1521 1646 1548 Claram
1667 1523 1824 1551 celebratur

531 1558 581 1584 sub
601 1567 684 1592 pena.
720 1559 932 1586 Anniversarius
952 1560 1113 1587 Perchtoldi
1133 1561 1231 1593 Walh,
1255 1561 1323 1588 item
1348 1563 1553 1590 anniversarius
1573 1564 1710 1599 Stephani
1730 1567 1821 1602 lugol-

534 1603 620 1628 steter
640 1602 804 1629 celebratur.

483 1644 562 1670 Anno
581 1644 684 1670 domini
707 1645 771 1672 1368
785 1645 828 1672 ob.
849 1645 997 1673 Hainrieus
1016 1646 1099 1681 Kal-g,
1118 1647 1165 1673 Els
1177 1656 1252 1679 uxor,
1273 1648 1339 1674 duos
1359 1648 1418 1675 dies
1438 1652 1504 1676 ante
1519 1651 1562 1676 vel
1583 1654 1647 1686 post
1666 1652 1824 1679 celebratur

535 1687 774 1721 (anniversarius).
811 1689 1025 1716 Anniversarius
1038 1689 1148 1717 domine
1162 1690 1296 1724 Elysabet
1311 1691 1344 1717 de
1360 1691 1591 1725 Tawflchirchen,
1611 1695 1703 1721 uxoris
1717 1695 1822 1722 domini

531 1730 649 1761 Alberti,
668 1730 843 1763 vicedomini,
863 1732 1020 1759 celebratur
1039 1733 1089 1759 sub
1109 1742 1190 1767 pena.
1228 1734 1439 1761 Anniversarius
1458 1736 1568 1769 antiqui
1588 1737 1721 1764 Libharcli
1744 1739 1822 1765 Losel

532 1773 695 1805 celebratur,
715 1782 786 1800 anno
801 1774 905 1800 domini
921 1775 994 1802 1347.
1032 1776 1246 1803 Anniversarius
1267 1777 1375 1804 domine
1396 1778 1483 1813 Mai-g.
1497 1779 1651 1813 Traynerin
1665 1781 1824 1808 celebratur

530 1817 586 1842 tres
605 1816 664 1842 dies
683 1818 748 1843 ante
768 1817 812 1843 vel
831 1820 895 1851 post
915 1817 1006 1844 Lucie.

483 1858 532 1885 Ob.
553 1859 666 1885 domina.
684 1859 828 1893 Elyzabet,
847 1869 915 1886 uxor
927 1860 1033 1887 domini
1052 1861 1183 1887 Iohannis
1202 1861 1234 1887 de
1250 1862 1410 1897 Straubing,
1430 1863 1476 1890 hio
1490 1865 1609 1898 sepulta,
1630 1875 1702 1893 anno
1716 1867 1822 1894 domini

536 1901 625 1928 13143‘

483 1944 566 1973 Nota.
586 1945 789 1972 anniversarius
816 1946 936 1973 Com-adi
954 1947 1140 1981 Neukircher,
1168 1949 1236 1975 item
1261 1949 1465 1977 anniversarius
1484 1951 1624 1986 Phillippi
1650 1953 1823 1981 Priimaister

530 1988 686 2015 celebratur
705 1990 754 2016 sub
774 1998 854 2023 pena.
891 1991 961 2017 Item
982 1991 1187 2018 anniversarius
1206 1993 1296 2019 Hanss
1316 1993 1444 2023 Munich.
1469 1994 1554 2021 Rath.
1573 1995 1666 2022 uxoris
1688 1999 1744 2023 tres
1763 1997 1824 2024 dies

529 2034 593 2058 ante
622 2033 665 2058 vel
694 2035 757 2066 post
784 2033 942 2060 celebratur
964 2034 1014 2060 sub
1039 2043 1120 2068 pena.
1157 2035 1370 2062 Anniversarius
1393 2037 1518 2070 Dyetrici
1544 2037 1673 2070 Zenckel,
1702 2040 1823 2067 Petrisse

528 2075 627 2105 uxoris,
647 2075 764 2102 Fridrici
785 2076 912 2105 Czenkel,
932 2078 1011 2102 Anne
1030 2077 1122 2103 uxoris
1135 2078 1299 2105 celebratur.
1329 2080 1406 2113 [1467
1426 2080 1469 2106 ob.
1483 2079 1532 2106 Ch.
1547 2080 1704 2113 Turnawer‚
1724 2083 1821 2116 pistor,

527 2120 691 2150 procurator
710 2120 868 2150 conventus,
889 2119 934 2145 1110
953 2120 1100 2154 sepultus]

478 2159 690 2186 Anniversarius
722 2161 856 2188 Hertwioi
881 2163 914 2188 de
933 2163 1155 2195 Phaffenhoffen,
1188 2164 1349 2191 Meehtildis
1376 2165 1468 2192 uxoris
1497 2167 1662 2194 celebratur.
1707 2167 1758 2195 Ob.
1791 2169 1822 2195 fr.

528 2202 711 2230 Ewerhardus
730 2204 903 2236 Peitzkoffer,
924 2206 1063 2232 confessor
1081 2209 1110 2233 et
1128 2207 1293 2240 predicator,
1313 2216 1386 2234 anno
1405 2209 1510 2235 (101111111
1531 2210 1605 2236 1418.

477 2245 567 2276 Nota,
586 2246 789 2273 anniversarius
810 2248 885 2274 Petri
904 2248 1018 2280 Hamer,
1046 2249 1159 2283 pistoris
1184 2250 1283 2282 nostri,
1314 2250 1434 2278 Petn‘sse
1462 2254 1490 2278 et
1514 2253 1591 2279 Anne
1619 2262 1734 2280 uxorum
1763 2254 1822 2281 eius

530 2290 586 2314 tres
605 2289 664 2315 dies
683 2292 748 2317 ante
768 2291 811 2317 vel
832 2293 895 2324 post
915 2292 1074 2319 celebratur
1093 2293 1143 2319 sub
1163 2302 1243 2327 pena⁷
1263 2302 1334 2320 anno
1354 2294 1459 2320 domini
1479 2295 1554 2326 1435,
1574 2295 1621 2328 qui
1640 2296 1729 2323 multa
1749 2297 1822 2323 bona.

532 2331 601 2358 fecit
620 2333 779 2359 conventui.

479 2373 692 2401 Annivm-sarius
711 2375 836 2403 Hainrici
854 2376 1065 2411 Regehnulner,
1094 2378 1140 2405 Els
1160 2379 1264 2412 uxoris,
1292 2380 1380 2406 Ulrici
1398 2381 1500 2414 patris,
1523 2380 1613 2407 Offnei
1632 2382 1729 2408 matris
1749 2383 1821 2409 0919-

528 2417 624 2443 bratur
642 2418 692 2444 sub
712 2427 791 2452 pena.
828 2420 917 2453 [Anno
936 2421 1040 2447 domini
1062 2422 1127 2448 1477
1147 2422 1189 2449 ob.
1210 2423 1377 2449 venerabilis
1402 2423 1527 2449 dominus
1547 2423 1694 2450 Udalricus
1713 2425 1819 2457 Pomer,

529 2459 619 2486 dictus
646 2461 766 2495 Anspin,
796 2462 844 2495 qui
870 2462 924 2489 fuit
953 2463 1073 2490 vicarius
1101 2464 1129 2490 in
1157 2465 1275 2492 ecclesia
1302 2475 1322 2492 5.
1348 2465 1481 2497 Udalrici,
1510 2466 1587 2492 euius
1615 2467 1820 2494 anniversarius

528 2503 684 2530 celebratur
703 2504 753 2530 sub
772 2513 856 2538 pena,
887 2506 919 2532 de
947 2515 1000 2539 quo
1025 2509 1177 2534 conventus
1199 2508 1287 2535 habet
1305 2509 1454 2543 sexaginta
1473 2509 1611 2541 denarios,
1640 2509 1765 2544 Leupold
1787 2511 1820 2538 de

527 2546 682 2581 Kneinting
700 2547 781 2574 dabit
801 2548 874 2574 cirea
893 2549 995 2575 festum
1013 2549 1104 2576 Lucie.

478 2588 528 2615 Ob.
542 2589 573 2615 fr.
588 2589 763 2622 thtoldus,
782 2599 899 2625 magnus
913 2592 1080 2625 predicator,
1102 2593 1191 2619 1272*
1203 2595 1222 2627 ¹)
1260 2594 1309 2620 Ob.
1323 2595 1435 2620 domina
1450 2594 1615 2628 Elyzabeth‚
1635 2603 1702 2621 uxor
1715 2595 1820 2622 domini

529 2632 663 2659 Friderici
683 2633 882 2667 Weyntinger,
907 2634 952 2661 hic
977 2636 1101 2669 sepulte,
1125 2645 1196 2662 anno
1221 2637 1326 2663 domini
1347 2637 1465 2671 1354.*²)
1501 2637 1588 2669 Nota,
1616 2637 1819 2665 anniversarius

272 2717 292 2748 ¹)
315 2716 402 2750 Caput
426 2717 547 2744 Bertolcli
572 2718 661 2744 nimbo
683 2718 834 2745 decoratum
859 2723 903 2746 est.
1009 2723 1030 2754 ²)
1049 2723 1135 2747 Arma
1156 2723 1241 2755 qentis
1266 2723 1436 2756 IVeintinyer
1459 2726 1483 2749 et
1505 2724 1591 2758 gentis
1619 2723 1758 2756 Tollinyer‚
1788 2731 1821 2749 en:

167 2766 221 2791 qua
239 2758 300 2785 haec
317 2759 426 2786 domina
445 2762 504 2786 orm
523 2764 567 2793 est,
587 2762 666 2787 iuxta
684 2761 791 2795 depicta
809 2766 880 2789 sunt.

1560 2817 1611 2844 33*
