2085 2999
211 134 271 164 332

265 381 310 406 ΙΙΙ.
326 389 388 406 non.

277 578 311 603 ΙΙ.
325 585 387 603 non.

322 843 385 860 non.

236 990 309 1016 VIII.
324 989 360 1015 id.

245 1291 306 1317 VII.
323 1291 360 1317 id.

268 1488 313 1514 Vl.
328 1488 364 1514 id.

281 1592 312 1618 V.
327 1592 362 1618 id.

271 1643 318 1669 IV.
332 1643 367 1669 id.

264 1799 312 1825 III.
326 1798 362 1824 id.

276 1945 310 1972 ΙΙ.
325 1945 360 1971 id.

327 2186 362 2212 id.

238 2383 311 2409 XIX.
324 2383 380 2409 kal.

477 129 742 156 NECROLOGIUM
761 127 989 154 MONASTERII
1008 127 1032 153 S.
1051 126 1281 153 EMMERAMMI
1299 126 1592 153 RATISBONENSIS.

571 224 717 255 hardus
741 222 825 254 abb.
860 222 941 252 Ava
1053 221 1287 252 Hieremias
1310 221 1388 262 pbr.
1415 224 1509 252 etm.
1545 221 1704 252 Heilica
1726 231 1768 252 m.
1786 218 1855 262 ob.]

571 276 678 307 Iudita
712 275 731 305 l.
788 273 972 305 Fridericus
1006 273 1079 304 abb.
1113 273 1308 314 Pruvengin.
1365 281 1537 307 10hannes
1567 279 1792 314 lantgravius
1820 279 1856 306 de

571 326 796 359 Leutenberg.

442 380 465 404 3.
511 369 788 401 Heidanricus
821 368 897 409 pbr.
929 371 966 398 et
998 379 1039 398 m.
1072 378 1100 398 n.
1156 366 1300 409 [Iudita
1332 377 1465 397 nonna
1498 367 1554 397 ob.
1609 366 1858 398 Hei-mannus

571 421 650 462 pbr.
675 432 704 451 n.
741 419 954 450 Wezilinus
978 419 1059 460 pbr.
1097 419 1313 449 Lotharius
1337 417 1581 460 imperator]
1621 417 1787 449 Gotfridus
1810 428 1856 448 cv.

569 483 597 503 n.
628 483 675 513 Cg-
722 479 862 505 Diem-icus
882 479 923 511 l.¹)
962 478 1021 511 [Ob.
1050 478 1081 504 fr.
1111 478 1227 504 Iacobus
1253 478 1345 504 dietus
1372 477 1547 512 Ambmngar
1571 477 1630 511 pbr.
1658 479 1687 504 et
1705 486 1740 503 m.
1766 486 1792 503 n.
1817 486 1858 511 cg.

568 532 640 549 anuo
660 522 762 548 domini
785 522 868 552 1418]

440 577 464 601 4,
509 567 639 606 ἯΖΟἿ
673 577 720 597 ex
752 566 857 596 laico
891 576 944 596 cv.
969 576 998 595 n.
1047 563 1272 607 [Gunderat
1300 564 1408 595 abba.
1459 565 1684 595 Hartwieus
1714 564 1795 605 pbr.
1821 566 1860 595 et

569 618 753 648 inclusus.
793 616 999 648 Adalwich
1025 616 1079 647 ob.
1204 616 1464 657 Sigimundus
1489 616 1584 647 diac.
1611 619 1648 646 et
1670 627 1711 647 m.
1752 615 1858 657 Sige-

570 669 728 700 fridus*
753 680 824 710 eps,
849 668 1137 709 Augustensis.]
1173 667 1344 698 Heinrieus
1368 667 1441 699 abb.
1466 667 1684 698 Richenbach.
1720 667 1859 698 Karolo-

571 732 706 752 mannus
737 731 797 751 rex
830 723 862 751 et
893 731 934 750 m.
980 719 1159 750 Dietwinus
1192 730 1237 750 cv.
1273 722 1304 750 et
1333 730 1375 750 m.
1404 730 1432 750 n.
1486 719 1658 750 Hainricus
1686 729 1732 749 cv.
1756 729 1785 750 n.
1811 729 1859 760 cg.

570 773 742 803 Heinricus
766 783 847 813 puer
870 783 899 802 n.
925 782 973 812 cg.
1020 779 1167 805 Haimieus
1187 779 1203 804 1.
1224 779 1398 806 Portalanus,

439 834 462 859 5,
510 824 723 867 [Gotesdiu
746 834 786 854 m.
822 823 1085 864 Engilpertus
1109 834 1204 864 puer
1229 823 1275 854 de
1301 822 1330 854 S.
1351 822 1558 863 Stephano.
1594 821 1860 863 Wolfkangus

571 876 627 907 ob,
676 875 929 916 Adilhaithb)
953 874 1006 917 m.]
1052 875 1244 905 Altmannus
1276 886 1317 906 m.
1342 886 1371 905 n.
1397 885 1444 915 cg.
1494 874 1664 904 Hainricus
1688 884 1729 904 m.
1754 884 1783 904 n.
1809 883 1858 914 cg.

568 928 748 958 Haeinricus
772 927 791 958 l.
838 927 1000 957 Dietricus
1023 938 1064 957 m.
1089 937 1118 957 n.
1144 937 1192 967 cg.
1223 926 1422 957 Adalbertus
1447 936 1492 957 cv.
1517 937 1546 956 n.

440 988 462 1014 6,
530 979 717 1010 Adalhun
741 979 819 1020 pbr.
871 978 1133 1018 Hartwicusss)
1159 988 1236 1019 eps.
1267 978 1502 1009 Iuvavensis
1526 977 1712 1008 ecclesie.
1758 976 1860 1007 Atto

570 1042 610 1062 m.
637 1031 682 1061 de
707 1031 869 1062 Altaha.
917 1029 1118 1072 [Wisintin
1142 1030 1251 1060 abba.
1302 1029 1485 1060 Donatus
1508 1040 1548 1060 m.
1596 1027 1700 1059 T6ta
1729 1038 1770 1059 m.
1802 1028 1859 1059 ob.

573 1083 617 1113 de
666 1082 880 1123 Superior-e
926 1081 1175 1112 Monasterio.
1246 1081 1369 1112 Sahso
1409 1081 1427 1112 l.
1489 1080 1681 1121 Adalgart
1717 1079 1762 1110 la.
1803 1079 1858 1110 ob.

572 1134 786 1175 Megenfrit
816 1134 836 1165 l.
883 1133 1087 1164 christina
1111 1133 1156 1164 la.
1196 1132 1371 1164 Gerdrut
1393 1132 1450 1173 la]
1498 1132 1623 1163 Ulricus
1646 1131 1665 1162 l.
1712 1130 1861 1162 Alhaidis

570 1187 592 1220 l.
616 1186 655 1217 de
672 1186 763 1216 Awe.
799 1185 1039 1226 Megcnhardus
1063 1196 1109 1216 cv.
1148 1185 1320 1216 Hainricus
1336 1184 1355 1215 l.
1389 1184 1516 1214 Ulricus
1540 1183 1653 1214 Tenko
1670 1183 1689 1214 l.
1724 1190 1862 1225 Dfiringus

571 1238 629 1271 pbr.
650 1240 678 1263 et
696 1246 731 1262 m.
752 1257 773 1262 ..
789 1257 794 1262 ,

441 1291 464 1316 7,
510 1280 697 1312 Lantfrit
729 1280 810 1321 pbr.
842 1283 877 1310 et
907 1290 947 1310 m.
982 1279 1029 1310 de
1057 1279 1218 1310 Altaha.
1268 1279 1479 1321 [Heripato
1508 1278 1589 1319 pbr.
1621 1281 1658 1308 et
1688 1288 1730 1308 m.
1756 1277 1804 1308 de
1830 1276 1860 1308 S.

573 1332 751 1368 Quirino.
790 1330 996 1372 Engilbolt
1020 1331 1215 1372 archipbr.
1250 1331 1422 1370 Macilid)
1447 1341 1534 1360 m.n.
1570 1328 1789 1360 Benedicta
1805 1327 1860 1370 m.]

570 1383 721 1425 Engildio
746 1383 815 1423 pbr.
842 1386 873 1412 et
897 1393 937 1413 m.
964 1382 1128 1423 Tegrinse.
1175 1382 1337 1413 Maehthilt
1359 1382 1379 1412 l.
1428 1380 1637 1412 Eberhardus
1660 1381 1680 1411 l.
1727 1388 1863 1414 Gedrudis

573 1435 627 1460 Hfil
649 1456 653 1460 ,
668 1455 672 1459 .
688 1454 693 1460 .

444 1488 467 1513 8,
512 1478 706 1510 Arnolfus
730 1477 981 1518 imperator*
1029 1475 1164 1518 [Aribo
1189 1476 1270 1517 pbr.
1302 1475 1332 1506 S.
1357 1475 1554 1506 Iohannis,
1601 1474 1783 1506 Gerdrud
1806 1474 1860 1517 m.]

572 1530 712 1560 Karolus
736 1529 848 1568 Com.2)
888 1537 1058 1563 wernherus
1078 1536 1213 1562 Panholtz
1232 1536 1366 1570 magister
1385 1535 1466 1563 curie,
1487 1535 1637 1561 obellarius
1657 1535 1749 1561 servit.

442 1591 465 1618 9,
511 1581 652 1625 [Issdita
676 1580 708 1623 1.]
748 1581 896 1612 Merboto
920 1581 940 1610 1.
975 1580 1162 1611 Chrnradus
1186 1580 1334 1611 Houbler
1357 1580 1376 1609 l.
1421 1588 1511 1621 Agnes
1525 1586 1669 1613 Vorbureh
1689 1586 1707 1612 l.

431 1643 469 1669 1ο,
516 1634 622 1664 VVizo
647 1633 841 1673 archipbr.
892 1632 1114 1663 Werinhart
1141 1632 1161 1663 l.
1213 1632 1361 1673 [Helica
1391 1641 1527 1661 nonna.
1574 1630 1758 1671 Hiltiger
1781 1630 1862 1671 pbr.

573 1689 611 1715 et
634 1696 676 1715 ni.
702 1685 748 1715 de
774 1683 804 1714 S.
822 1684 1072 1724 Benedicta]
1109 1683 1280 1714 Heinricus
1305 1682 1464 1723 quondam
1490 1682 1563 1713 abb.
1581 1682 1612 1712 in
1629 1681 1707 1712 Brfil
1725 1692 1772 1723 cg.
1789 1681 1861 1722 n.³),

573 1737 625 1778 qui
650 1736 871 1777 augmentavit
895 1736 1012 1766 festum
1037 1734 1263 1776 Conceptionis
1287 1746 1311 1765 s.
1335 1734 1452 1773 Marie,
1482 1733 1533 1764 hic
1557 1734 1655 1764 servit
1679 1733 1863 1764 obellarius.

426 1798 465 1824 11,
512 1779 692 1829 Odalger
715 1788 796 1829 pbr.
823 1791 863 1818 et
886 1798 928 1820 m.
968 1786 1204 1829 [Hiltipurch
1228 1797 1269 1817 m.
1295 1787 1349 1817 ob.
1376 1786 1536 1816 Othwin.
1573 1785 1794 1816 Willihalm
1819 1795 1864 1816 ex

572 1841 674 1870 laico
700 1839 765 1881 cv.]
813 1839 1009 1870 Perhtoldus
1035 1838 1227 1869 Gameridus
1251 1849 1319 1869 can.
1343 1838 1473 1868 maioris
1499 1838 1634 1868 ecclesie
1660 1837 1740 1876 ...4)
1779 1844 1863 1870 Hein-

573 1891 644 1917 ricus
665 1891 776 1924 Yilgast
796 1891 812 1916 l.

426 1945 465 1971 12,
511 1936 580 1966 16b
598 1935 674 1976 pbr.
695 1939 731 1966 et
747 1946 787 1965 m.
822 1935 1018 1975 Hiltipolt
1034 1934 1116 1975 pbr.
1135 1938 1173 1964 et
1188 1945 1229 1964 m.
1264 1932 1495 1975 [Retpertus
1512 1931 1598 1962 abb.
1618 1931 1662 1962 de
1679 1931 1865 1972 nostris.⁵)

572 1987 736 2018 Hemma
760 1997 801 2017 m.
827 1986 857 2017 S.
876 1986 1080 2017 Berhardi.
1116 1985 1304 2026 Diotpalt
1331 1984 1416 2015 abb.
1442 1983 1682 2015 Altahensis.
1722 1981 1864 2013 Sahsso

571 2039 649 2080 pbr.
683 2042 721 2069 et
744 2049 784 2069 m.
810 2049 838 2068 11.
894 2037 1103 2078 Wichpoto
1133 2036 1230 2078 pbr]
1276 2044 1440 2070 Alheidis
1460 2052 1544 2069 uxor
1563 2041 1758 2076 Hupfelini‚
1779 2041 1865 2068 ohel.

574 2089 682 2115 larius
711 2090 851 2115 servitss)
897 2089 1043 2114 Heinricus
1066 2088 1175 2119 Vilgast
1206 2088 1221 2113 l.
1270 2088 1318 2113 Ob.
1349 2087 1487 2113 Fridricus
1516 2086 1574 2119 pbr.
1602 2087 1629 2111 et
1655 2094 1689 2110 m.
1718 2094 1743 2110 n.
1772 2084 1863 2111 dictus

575 2132 763 2163 Strnubinger.
802 2132 862 2166 [Ob.
883 2132 1028 2158 Elizabeth
1052 2131 1183 2158 Heroldin
1205 2131 1310 2157 inclusa
1334 2130 1417 2163 1462]

429 2186 466 2211 13.
514 2176 633 2219 [Pabo
668 2187 761 2207 com.
795 2176 850 2207 ob.
908 2175 1184 2206 Perinhardus
1214 2174 1389 2206 subdiac.
1427 2173 1483 2204 ob.
1542 2171 1793 2212 Regiuherus
1822 2181 1863 2202 m.

572 2228 661 2259 Otto
687 2228 783 2258 diac.
810 2232 846 2258 et
869 2228 942 2267 mff)
977 2227 1224 2268 Ruotpertus
1248 2237 1338 2257 com.
1374 2224 1595 2266 Egilolfcv.
1633 2222 1821 2264 sigibodo
1845 2222 1864 2252 l.

572 2280 716 2310 Maria*
741 2279 869 2321 dux.ss)]
904 2278 1104 2309 Dancholfus
1129 2278 1197 2319 pbr.
1223 2289 1263 2309 m.
1288 2289 1317 2308 n.
1336 2288 1383 2318 cg.
1420 2277 1591 2308 Heinricus
1614 2287 1654 2307 m.
1681 2274 1720 2306 de
1739 2274 1863 2305 Kastel.

577 2331 666 2362 lAnno
686 2330 790 2356 domini
812 2330 877 2356 1437
897 2330 939 2355 ob.
959 2330 990 2355 fr.
1011 2329 1153 2355 Conradus
1175 2330 1233 2362 pbr.
1254 2330 1282 2355 et
1301 2338 1336 2354 m.
1356 2338 1380 2354 n.
1401 2337 1442 2360 cg.
1465 2327 1556 2353 dictus
1576 2326 1696 2360 Wenig.]

428 2383 467 2409 14.
514 2374 689 2405 Gundrat
705 2385 771 2404 ma.
806 2373 1234 2416 [Agnesimpe1·at1¹ix.*
1257 2371 1513 2403 Wolfhelmus
1530 2370 1610 2412 pbr.
1629 2373 1666 2400 et
1681 2380 1722 2400 m.
1751 2368 1863 2400 Sicco

573 2426 654 2467 pbr.
680 2430 718 2457 et
741 2437 781 2456 m.
828 2426 1016 2466 Haganffi<
1041 2426 1060 2455 l.
1088 2424 1154 2467 ob.]

317 2591 341 2620 a)
362 2591 402 2615 B:
420 2591 502 2615 Wizo.
611 2590 635 2622 1’)
655 2590 693 2614 B:
714 2590 868 2614 Adelheidis.
974 2590 996 2619 0]
1017 2589 1053 2613 B:
1073 2590 1226 2613 Herm-icus.
1333 2587 1358 2618 d)
1377 2588 1412 2611 B:
1432 2587 1581 2615 Mezentius,
1602 2586 1633 2610 C:
1652 2585 1793 2610 Maezlinus.

320 2668 338 2699 ¹)
357 2667 398 2693 D:
418 2666 543 2694 Dietrich
558 2666 696 2700 hminger,
715 2666 866 2692 obellarius
882 2666 976 2692 servit.
1056 2667 1076 2697 ²)
1096 2665 1124 2690 D
1137 2668 1169 2697 (Τ.
1184 2665 1276 2696 Dec.).·
1295 2663 1444 2690 obellarius
1464 2662 1557 2688 servit.
1640 2662 1660 2694 8)
1683 2660 1714 2687 C:
1732 2670 1767 2687 m.
1781 2670 1808 2686 n.
1822 2669 1864 2695 cg.

216 2712 235 2738 ⁴')
255 2710 296 2736 D.-
324 2710 458 2744 magister
481 2709 570 2743 operis
588 2709 682 2736 servit.
807 2710 827 2740 ⁶)
847 2710 885 2734 B.-
912 2709 1050 2742 Rupertus
1076 2707 1139 2734 abb.
1166 2717 1201 2733 m.
1223 2716 1249 2733 u.
1276 2715 1318 2740 cg.
1442 2707 1461 2738 ⁶)
1482 2705 1525 2731 D:
1552 2703 1680 2730 Alhaa'dis
1705 2700 1864 2737 Hipfelinn.

214 2756 234 2785 ⁷)
255 2753 295 2778 B:
314 2762 348 2779 m.
369 2762 393 2778 n.
415 2762 455 2787 eg.
564 2754 583 2785 Β)
601 2753 629 2778 D
648 2753 699 2785 (12.
713 2753 803 2785 Dec.):
823 2751 909 2778 Marie
930 2751 1045 2782 ducisse,
1066 2751 1224 2778 cellerarius
1243 2750 1338 2776 servit.
