<?xml version="1.0" encoding="UTF-8"?>
<!DOCTYPE html PUBLIC "-//W3C//DTD XHTML 1.0 Transitional//EN"
    "http://www.w3.org/TR/xhtml1/DTD/xhtml1-transitional.dtd">
<html xmlns="http://www.w3.org/1999/xhtml" xml:lang="en" lang="en">
 <head>
  <title>
</title>
<meta http-equiv="Content-Type" content="text/html;charset=utf-8" />
  <meta name='ocr-system' content='tesseract 3.04.00' />
  <meta name='ocr-capabilities' content='ocr_page ocr_carea ocr_par ocr_line ocrx_word'/>
</head>
<body>
  <div class='ocr_page' id='page_1' title='image "./monumentagenecro03geseuoft_0184.png"; bbox 0 0 2085 2999; ppageno 0'>
   <div class='ocr_carea' id='block_1_1' title="bbox 237 136 1778 178">
    <p class='ocr_par' dir='ltr' id='par_1_1' title="bbox 237 136 1778 178">
     <span class='ocr_line' id='line_1_1' title="bbox 237 136 1778 178; baseline -0.003 -7"><span class='ocrx_word' id='word_1_1' title='bbox 237 149 295 178; x_wconf 70' lang='grc'>108</span> <span class='ocrx_word' id='word_1_2' title='bbox 344 144 451 171; x_wconf 85' lang='lat' dir='ltr'>LIBER</span> <span class='ocrx_word' id='word_1_3' title='bbox 471 142 711 170; x_wconf 81' lang='lat' dir='ltr'><strong>OBLATIONUM</strong></span> <span class='ocrx_word' id='word_1_4' title='bbox 730 142 776 168; x_wconf 86' lang='lat' dir='ltr'>ET</span> <span class='ocrx_word' id='word_1_5' title='bbox 797 140 1013 167; x_wconf 75' lang='lat' dir='ltr'>ASSIGNATIO</span> <span class='ocrx_word' id='word_1_6' title='bbox 1034 139 1279 166; x_wconf 77' lang='lat' dir='ltr'>ANNIVERSAR.</span> <span class='ocrx_word' id='word_1_7' title='bbox 1298 139 1456 166; x_wconf 88' lang='lat' dir='ltr'>MONAST.</span> <span class='ocrx_word' id='word_1_8' title='bbox 1476 136 1778 167; x_wconf 81' lang='lat' dir='ltr'>TEGERNSEENSIS.</span> 
     </span>
    </p>
   </div>
   <div class='ocr_carea' id='block_1_2' title="bbox 278 248 406 326">
    <p class='ocr_par' dir='ltr' id='par_1_2' title="bbox 278 248 406 326">
     <span class='ocr_line' id='line_1_2' title="bbox 303 248 406 275; baseline 0 -1"><span class='ocrx_word' id='word_1_9' title='bbox 303 248 334 275; x_wconf 83' lang='lat' dir='ltr'>X.</span> <span class='ocrx_word' id='word_1_10' title='bbox 351 248 406 274; x_wconf 84' lang='lat' dir='ltr'>kal.</span> 
     </span>
     <span class='ocr_line' id='line_1_3' title="bbox 278 300 405 326; baseline -0.016 0"><span class='ocrx_word' id='word_1_11' title='bbox 278 301 336 326; x_wconf 83' lang='lat' dir='ltr'>Vll.</span> <span class='ocrx_word' id='word_1_12' title='bbox 351 300 405 325; x_wconf 76' lang='lat' dir='ltr'>kal.</span> 
     </span>
    </p>
   </div>
   <div class='ocr_carea' id='block_1_3' title="bbox 469 248 492 274">
    <p class='ocr_par' dir='ltr' id='par_1_3' title="bbox 469 248 492 274">
     <span class='ocr_line' id='line_1_4' title="bbox 469 248 492 274; textangle 90"><span class='ocrx_word' id='word_1_13' title='bbox 469 248 492 274; x_wconf 52' lang='grc' dir='ltr'>ρο</span> 
     </span>
    </p>
   </div>
   <div class='ocr_carea' id='block_1_4' title="bbox 290 235 1888 899">
    <p class='ocr_par' dir='ltr' id='par_1_4' title="bbox 540 235 1112 281">
     <span class='ocr_line' id='line_1_5' title="bbox 540 235 1112 281; baseline -0.005 -11"><span class='ocrx_word' id='word_1_14' title='bbox 540 238 697 281; x_wconf 85' lang='lat' dir='ltr'>[Albanus</span> <span class='ocrx_word' id='word_1_15' title='bbox 721 237 761 269; x_wconf 86' lang='lat' dir='ltr'>de</span> <span class='ocrx_word' id='word_1_16' title='bbox 786 237 1024 278; x_wconf 83' lang='lat' dir='ltr'>Richerspiwer</span> <span class='ocrx_word' id='word_1_17' title='bbox 1048 235 1112 278; x_wconf 53' lang='grc' dir='ltr'>οἰκ]</span> 
     </span>
    </p>

    <p class='ocr_par' dir='ltr' id='par_1_5' title="bbox 538 287 1884 591">
     <span class='ocr_line' id='line_1_6' title="bbox 538 287 1882 333; baseline 0 -12"><span class='ocrx_word' id='word_1_18' title='bbox 538 290 741 333; x_wconf 78' lang='lat' dir='ltr'>[Chi‘inradus</span> <span class='ocrx_word' id='word_1_19' title='bbox 765 290 834 331; x_wconf 86' lang='lat' dir='ltr'>pbr.</span> <span class='ocrx_word' id='word_1_20' title='bbox 859 292 892 320; x_wconf 91' lang='lat' dir='ltr'>et</span> <span class='ocrx_word' id='word_1_21' title='bbox 914 300 954 320; x_wconf 92' lang='lat' dir='ltr'>m.</span> <span class='ocrx_word' id='word_1_22' title='bbox 980 289 1016 319; x_wconf 89' lang='lat' dir='ltr'>fr.</span> <span class='ocrx_word' id='word_1_23' title='bbox 1040 299 1070 319; x_wconf 91' lang='lat' dir='ltr'>n.</span> <span class='ocrx_word' id='word_1_24' title='bbox 1096 288 1146 319; x_wconf 93' lang='lat' dir='ltr'>ob.</span> <span class='ocrx_word' id='word_1_25' title='bbox 1172 287 1275 319; x_wconf 81' lang='lat' dir='ltr'>dietus</span> <span class='ocrx_word' id='word_1_26' title='bbox 1298 287 1428 329; x_wconf 87' lang='lat' dir='ltr'>Rainer,</span> <span class='ocrx_word' id='word_1_27' title='bbox 1454 289 1507 330; x_wconf 88' lang='lat' dir='ltr'>qui</span> <span class='ocrx_word' id='word_1_28' title='bbox 1530 299 1588 330; x_wconf 90' lang='lat' dir='ltr'>pro</span> <span class='ocrx_word' id='word_1_29' title='bbox 1610 289 1753 320; x_wconf 87' lang='lat' dir='ltr'>remedio</span> <span class='ocrx_word' id='word_1_30' title='bbox 1777 290 1882 321; x_wconf 85' lang='lat' dir='ltr'>anime</span> 
     </span>
     <span class='ocr_line' id='line_1_7' title="bbox 593 339 1883 382; baseline -0.001 -9"><span class='ocrx_word' id='word_1_31' title='bbox 593 353 649 373; x_wconf 85' lang='lat' dir='ltr'>sue</span> <span class='ocrx_word' id='word_1_32' title='bbox 668 342 756 372; x_wconf 89' lang='lat' dir='ltr'>dedit</span> <span class='ocrx_word' id='word_1_33' title='bbox 772 341 863 372; x_wconf 84' lang='lat' dir='ltr'>nobis</span> <span class='ocrx_word' id='word_1_34' title='bbox 878 342 916 371; x_wconf 76' lang='lat'>20</span> <span class='ocrx_word' id='word_1_35' title='bbox 934 345 953 370; x_wconf 72' lang='grc'>11</span> <span class='ocrx_word' id='word_1_36' title='bbox 970 340 1221 380; x_wconf 83' lang='lat' dir='ltr'>Monacensium,</span> <span class='ocrx_word' id='word_1_37' title='bbox 1239 350 1296 380; x_wconf 90' lang='lat' dir='ltr'>pro</span> <span class='ocrx_word' id='word_1_38' title='bbox 1314 339 1429 380; x_wconf 85' lang='lat' dir='ltr'>quibus</span> <span class='ocrx_word' id='word_1_39' title='bbox 1446 343 1654 381; x_wconf 84' lang='lat' dir='ltr'>conparatum</span> <span class='ocrx_word' id='word_1_40' title='bbox 1673 343 1720 372; x_wconf 88' lang='lat' dir='ltr'>est</span> <span class='ocrx_word' id='word_1_41' title='bbox 1736 341 1883 382; x_wconf 84' lang='lat' dir='ltr'>predium</span> 
     </span>
     <span class='ocr_line' id='line_1_8' title="bbox 593 391 1884 434; baseline 0 -10"><span class='ocrx_word' id='word_1_42' title='bbox 593 395 687 424; x_wconf 87' lang='lat' dir='ltr'>situm</span> <span class='ocrx_word' id='word_1_43' title='bbox 717 396 750 424; x_wconf 85' lang='lat' dir='ltr'>et</span> <span class='ocrx_word' id='word_1_44' title='bbox 778 393 977 424; x_wconf 83' lang='lat' dir='ltr'>nominatum</span> <span class='ocrx_word' id='word_1_45' title='bbox 1005 391 1164 431; x_wconf 85' lang='lat' dir='ltr'>Nabrain,</span> <span class='ocrx_word' id='word_1_46' title='bbox 1196 394 1231 422; x_wconf 89' lang='lat' dir='ltr'>ut</span> <span class='ocrx_word' id='word_1_47' title='bbox 1262 392 1495 422; x_wconf 85' lang='lat' dir='ltr'>anniversarius</span> <span class='ocrx_word' id='word_1_48' title='bbox 1526 403 1601 422; x_wconf 85' lang='lat' dir='ltr'>suus</span> <span class='ocrx_word' id='word_1_49' title='bbox 1630 396 1817 434; x_wconf 79' lang='lat' dir='ltr'>peragatur,</span> <span class='ocrx_word' id='word_1_50' title='bbox 1849 397 1884 424; x_wconf 90' lang='lat' dir='ltr'>ut</span> 
     </span>
     <span class='ocr_line' id='line_1_9' title="bbox 594 443 1884 484; baseline 0 -8"><span class='ocrx_word' id='word_1_51' title='bbox 594 446 692 476; x_wconf 85' lang='lat' dir='ltr'>etiam</span> <span class='ocrx_word' id='word_1_52' title='bbox 727 446 758 475; x_wconf 91' lang='lat' dir='ltr'>in</span> <span class='ocrx_word' id='word_1_53' title='bbox 794 444 910 476; x_wconf 90' lang='lat' dir='ltr'>eodem</span> <span class='ocrx_word' id='word_1_54' title='bbox 948 443 999 475; x_wconf 88' lang='lat' dir='ltr'>die</span> <span class='ocrx_word' id='word_1_55' title='bbox 1036 446 1188 484; x_wconf 85' lang='lat' dir='ltr'>erogetur</span> <span class='ocrx_word' id='word_1_56' title='bbox 1221 443 1262 474; x_wconf 88' lang='lat' dir='ltr'>ab</span> <span class='ocrx_word' id='word_1_57' title='bbox 1303 443 1431 484; x_wconf 87' lang='lat' dir='ltr'>oblegio</span> <span class='ocrx_word' id='word_1_58' title='bbox 1468 443 1604 474; x_wconf 88' lang='lat' dir='ltr'>dominis</span> <span class='ocrx_word' id='word_1_59' title='bbox 1644 447 1676 475; x_wconf 90' lang='lat' dir='ltr'>et</span> <span class='ocrx_word' id='word_1_60' title='bbox 1714 445 1884 476; x_wconf 82' lang='lat' dir='ltr'>conventui</span> 
     </span>
     <span class='ocr_line' id='line_1_10' title="bbox 601 495 1883 538; baseline 0 -10"><span class='ocrx_word' id='word_1_61' title='bbox 601 498 692 537; x_wconf 49' lang='lat' dir='ltr'>lu&amp;</span> <span class='ocrx_word' id='word_1_62' title='bbox 723 500 756 528; x_wconf 89' lang='lat' dir='ltr'>et</span> <span class='ocrx_word' id='word_1_63' title='bbox 781 496 816 537; x_wconf 74' lang='lat' dir='ltr'>¹l2</span> <span class='ocrx_word' id='word_1_64' title='bbox 847 495 1044 537; x_wconf 84' lang='lat' dir='ltr'>pauperibus</span> <span class='ocrx_word' id='word_1_65' title='bbox 1076 495 1106 525; x_wconf 93' lang='lat' dir='ltr'>in</span> <span class='ocrx_word' id='word_1_66' title='bbox 1143 495 1368 535; x_wconf 77' lang='lat' dir='ltr'>elemosinam,</span> <span class='ocrx_word' id='word_1_67' title='bbox 1403 495 1489 536; x_wconf 89' lang='lat' dir='ltr'>quod</span> <span class='ocrx_word' id='word_1_68' title='bbox 1521 495 1701 536; x_wconf 83' lang='lat' dir='ltr'>predictum</span> <span class='ocrx_word' id='word_1_69' title='bbox 1737 497 1883 538; x_wconf 86' lang='lat' dir='ltr'>predium</span> 
     </span>
     <span class='ocr_line' id='line_1_11' title="bbox 598 546 1841 591; baseline -0.001 -11"><span class='ocrx_word' id='word_1_70' title='bbox 598 551 688 580; x_wconf 87' lang='lat' dir='ltr'>tenet</span> <span class='ocrx_word' id='word_1_71' title='bbox 713 552 744 580; x_wconf 83' lang='lat' dir='ltr'>et</span> <span class='ocrx_word' id='word_1_72' title='bbox 768 548 893 584; x_wconf 84' lang='lat' dir='ltr'>suffert;</span> <span class='ocrx_word' id='word_1_73' title='bbox 918 548 986 589; x_wconf 89' lang='lat' dir='ltr'>ipse</span> <span class='ocrx_word' id='word_1_74' title='bbox 1013 547 1115 578; x_wconf 81' lang='lat' dir='ltr'>eciam</span> <span class='ocrx_word' id='word_1_75' title='bbox 1139 546 1284 577; x_wconf 85' lang='lat' dir='ltr'>assiduus</span> <span class='ocrx_word' id='word_1_76' title='bbox 1308 547 1368 577; x_wconf 84' lang='lat' dir='ltr'>fuit</span> <span class='ocrx_word' id='word_1_77' title='bbox 1391 547 1422 577; x_wconf 92' lang='lat' dir='ltr'>in</span> <span class='ocrx_word' id='word_1_78' title='bbox 1446 548 1640 578; x_wconf 81' lang='lat' dir='ltr'>ornamentis</span> <span class='ocrx_word' id='word_1_79' title='bbox 1664 547 1841 591; x_wconf 82' lang='lat' dir='ltr'>ecclesie.*]</span> 
     </span>
    </p>

    <p class='ocr_par' dir='ltr' id='par_1_6' title="bbox 290 597 1883 643">
     <span class='ocr_line' id='line_1_12' title="bbox 290 597 1883 643; baseline 0 -12"><span class='ocrx_word' id='word_1_80' title='bbox 290 610 335 636; x_wconf 72' lang='lat' dir='ltr'>vl,</span> <span class='ocrx_word' id='word_1_81' title='bbox 351 610 406 636; x_wconf 73' lang='lat' dir='ltr'>kal.</span> <span class='ocrx_word' id='word_1_82' title='bbox 452 610 492 636; x_wconf 74' lang='grc'>26,</span> <span class='ocrx_word' id='word_1_83' title='bbox 541 600 786 643; x_wconf 80' lang='lat' dir='ltr'>[Hiltiguiidis¹)</span> <span class='ocrx_word' id='word_1_84' title='bbox 812 600 862 631; x_wconf 93' lang='lat' dir='ltr'>ob.</span> <span class='ocrx_word' id='word_1_85' title='bbox 887 610 969 630; x_wconf 84' lang='lat' dir='ltr'>uxor</span> <span class='ocrx_word' id='word_1_86' title='bbox 992 599 1115 630; x_wconf 81' lang='lat' dir='ltr'>Wilfini</span> <span class='ocrx_word' id='word_1_87' title='bbox 1139 598 1179 629; x_wconf 88' lang='lat' dir='ltr'>de</span> <span class='ocrx_word' id='word_1_88' title='bbox 1204 597 1374 639; x_wconf 80' lang='lat' dir='ltr'>Ostninne,</span> <span class='ocrx_word' id='word_1_89' title='bbox 1399 599 1452 640; x_wconf 92' lang='lat' dir='ltr'>qui</span> <span class='ocrx_word' id='word_1_90' title='bbox 1475 599 1625 630; x_wconf 53' lang='lat' dir='ltr'>WVilfinus</span> <span class='ocrx_word' id='word_1_91' title='bbox 1654 610 1711 640; x_wconf 90' lang='lat' dir='ltr'>pro</span> <span class='ocrx_word' id='word_1_92' title='bbox 1740 600 1883 631; x_wconf 89' lang='lat' dir='ltr'>remedio</span> 
     </span>
    </p>

    <p class='ocr_par' dir='ltr' id='par_1_7' title="bbox 292 650 1888 899">
     <span class='ocr_line' id='line_1_13' title="bbox 596 650 1802 694; baseline 0 -11"><span class='ocrx_word' id='word_1_93' title='bbox 596 653 705 683; x_wconf 86' lang='lat' dir='ltr'>uxoris</span> <span class='ocrx_word' id='word_1_94' title='bbox 730 652 874 683; x_wconf 88' lang='lat' dir='ltr'>eiusdem</span> <span class='ocrx_word' id='word_1_95' title='bbox 899 651 1120 692; x_wconf 79' lang='lat' dir='ltr'>sollempniter</span> <span class='ocrx_word' id='word_1_96' title='bbox 1144 651 1289 691; x_wconf 84' lang='lat' dir='ltr'>promisit</span> <span class='ocrx_word' id='word_1_97' title='bbox 1312 661 1346 681; x_wconf 85' lang='lat' dir='ltr'>se</span> <span class='ocrx_word' id='word_1_98' title='bbox 1370 651 1462 681; x_wconf 89' lang='lat' dir='ltr'>nobis</span> <span class='ocrx_word' id='word_1_99' title='bbox 1487 650 1635 682; x_wconf 86' lang='lat' dir='ltr'>daturum</span> <span class='ocrx_word' id='word_1_100' title='bbox 1660 654 1678 682; x_wconf 87' lang='grc'>5</span> <span class='ocrx_word' id='word_1_101' title='bbox 1695 656 1720 682; x_wconf 59' lang='lat' dir='ltr'>U«</span> <span class='ocrx_word' id='word_1_102' title='bbox 1738 651 1802 694; x_wconf 63' lang='grc' dir='ltr'>ᾧ.*]</span> 
     </span>
     <span class='ocr_line' id='line_1_14' title="bbox 292 702 1885 747; baseline -0.001 -11"><span class='ocrx_word' id='word_1_103' title='bbox 292 714 404 740; x_wconf 77' lang='lat' dir='ltr'>lV.kal.</span> <span class='ocrx_word' id='word_1_104' title='bbox 452 713 492 740; x_wconf 70' lang='lat'>28,</span> <span class='ocrx_word' id='word_1_105' title='bbox 539 704 639 747; x_wconf 90' lang='lat' dir='ltr'>[Bone</span> <span class='ocrx_word' id='word_1_106' title='bbox 664 704 819 736; x_wconf 87' lang='lat' dir='ltr'>memorie</span> <span class='ocrx_word' id='word_1_107' title='bbox 844 704 955 745; x_wconf 81' lang='lat' dir='ltr'>Agnes</span> <span class='ocrx_word' id='word_1_108' title='bbox 980 703 1019 734; x_wconf 90' lang='lat' dir='ltr'>de</span> <span class='ocrx_word' id='word_1_109' title='bbox 1043 702 1265 733; x_wconf 84' lang='lat' dir='ltr'>Hohenbureh</span> <span class='ocrx_word' id='word_1_110' title='bbox 1290 702 1340 733; x_wconf 93' lang='lat' dir='ltr'>ob.</span> <span class='ocrx_word' id='word_1_111' title='bbox 1367 713 1448 733; x_wconf 89' lang='lat' dir='ltr'>anno</span> <span class='ocrx_word' id='word_1_112' title='bbox 1474 703 1594 734; x_wconf 89' lang='lat' dir='ltr'>domini</span> <span class='ocrx_word' id='word_1_113' title='bbox 1621 705 1717 744; x_wconf 79' lang='lat'>1183,</span> <span class='ocrx_word' id='word_1_114' title='bbox 1743 714 1804 745; x_wconf 89' lang='lat' dir='ltr'>que</span> <span class='ocrx_word' id='word_1_115' title='bbox 1828 715 1885 745; x_wconf 91' lang='lat' dir='ltr'>pro</span> 
     </span>
     <span class='ocr_line' id='line_1_15' title="bbox 594 754 1888 796; baseline -0.001 -9"><span class='ocrx_word' id='word_1_116' title='bbox 594 756 738 787; x_wconf 85' lang='lat' dir='ltr'>remedio</span> <span class='ocrx_word' id='word_1_117' title='bbox 774 756 880 786; x_wconf 86' lang='lat' dir='ltr'>anime</span> <span class='ocrx_word' id='word_1_118' title='bbox 919 766 975 786; x_wconf 84' lang='lat' dir='ltr'>sue</span> <span class='ocrx_word' id='word_1_119' title='bbox 1007 754 1097 786; x_wconf 85' lang='lat' dir='ltr'>dedit</span> <span class='ocrx_word' id='word_1_120' title='bbox 1134 754 1330 785; x_wconf 88' lang='lat' dir='ltr'>monasterio</span> <span class='ocrx_word' id='word_1_121' title='bbox 1368 754 1582 796; x_wconf 83' lang='lat' dir='ltr'>Tegernsensi</span> <span class='ocrx_word' id='word_1_122' title='bbox 1618 755 1764 796; x_wconf 86' lang='lat' dir='ltr'>predium</span> <span class='ocrx_word' id='word_1_123' title='bbox 1797 767 1888 786; x_wconf 90' lang='lat' dir='ltr'>suum</span> 
     </span>
     <span class='ocr_line' id='line_1_16' title="bbox 596 805 1886 849; baseline -0.001 -10"><span class='ocrx_word' id='word_1_124' title='bbox 596 809 626 839; x_wconf 90' lang='lat' dir='ltr'>in</span> <span class='ocrx_word' id='word_1_125' title='bbox 650 808 806 849; x_wconf 75' lang='lat' dir='ltr'>planiciis,</span> <span class='ocrx_word' id='word_1_126' title='bbox 831 807 917 848; x_wconf 90' lang='lat' dir='ltr'>quod</span> <span class='ocrx_word' id='word_1_127' title='bbox 941 807 980 837; x_wconf 89' lang='lat' dir='ltr'>de</span> <span class='ocrx_word' id='word_1_128' title='bbox 1007 806 1130 837; x_wconf 85' lang='lat' dir='ltr'>duabus</span> <span class='ocrx_word' id='word_1_129' title='bbox 1154 805 1298 847; x_wconf 85' lang='lat' dir='ltr'>partibus</span> <span class='ocrx_word' id='word_1_130' title='bbox 1326 807 1539 837; x_wconf 81' lang='lat' dir='ltr'>amministrat</span> <span class='ocrx_word' id='word_1_131' title='bbox 1561 806 1653 837; x_wconf 88' lang='lat' dir='ltr'>nobis</span> <span class='ocrx_word' id='word_1_132' title='bbox 1676 807 1886 838; x_wconf 84' lang='lat' dir='ltr'>medietatem</span> 
     </span>
     <span class='ocr_line' id='line_1_17' title="bbox 594 856 1399 899; baseline -0.005 -8"><span class='ocrx_word' id='word_1_133' title='bbox 594 861 658 891; x_wconf 83' lang='lat' dir='ltr'>vini</span> <span class='ocrx_word' id='word_1_134' title='bbox 683 863 715 891; x_wconf 89' lang='lat' dir='ltr'>et</span> <span class='ocrx_word' id='word_1_135' title='bbox 738 859 778 890; x_wconf 88' lang='lat' dir='ltr'>de</span> <span class='ocrx_word' id='word_1_136' title='bbox 803 859 902 890; x_wconf 80' lang='lat' dir='ltr'>tercia</span> <span class='ocrx_word' id='word_1_137' title='bbox 926 862 1018 899; x_wconf 84' lang='lat' dir='ltr'>parte</span> <span class='ocrx_word' id='word_1_138' title='bbox 1044 856 1399 899; x_wconf 68' lang='lat' dir='ltr'>7=1tV01·0nensium.2)]</span> 
     </span>
    </p>
   </div>
   <div class='ocr_carea' id='block_1_5' title="bbox 450 248 466 324">
    <p class='ocr_par' dir='ltr' id='par_1_8' title="bbox 450 248 466 324">
     <span class='ocr_line' id='line_1_18' title="bbox 450 248 466 324; textangle 90"><span class='ocrx_word' id='word_1_139' title='bbox 450 300 465 324; x_wconf 76' lang='lat'>[0</span> <span class='ocrx_word' id='word_1_140' title='bbox 451 248 466 273; x_wconf 69' lang='grc' dir='ltr'>[Θ</span> 
     </span>
    </p>
   </div>
   <div class='ocr_carea' id='block_1_6' title="bbox 468 300 491 325">
    <p class='ocr_par' dir='ltr' id='par_1_9' title="bbox 468 300 491 325">
     <span class='ocr_line' id='line_1_19' title="bbox 468 300 491 325; textangle 90"><span class='ocrx_word' id='word_1_141' title='bbox 468 300 491 325; x_wconf 39' lang='lat' dir='ltr'>’Qu</span> 
     </span>
    </p>
   </div>
   <div class='ocr_carea' id='block_1_7' title="bbox 943 955 1180 992">
    <p class='ocr_par' dir='ltr' id='par_1_10' title="bbox 943 955 1180 992">
     <span class='ocr_line' id='line_1_20' title="bbox 943 955 1180 992; baseline 0.004 -1"><span class='ocrx_word' id='word_1_142' title='bbox 943 955 1180 992; x_wconf 80' lang='lat' dir='ltr'>OCTOBER.</span> 
     </span>
    </p>
   </div>
   <div class='ocr_carea' id='block_1_8' title="bbox 288 1021 1888 1140">
    <p class='ocr_par' dir='ltr' id='par_1_11' title="bbox 288 1021 1888 1140">
     <span class='ocr_line' id='line_1_21' title="bbox 288 1021 1887 1056; baseline -0.002 -5"><span class='ocrx_word' id='word_1_143' title='bbox 288 1025 332 1051; x_wconf 91' lang='lat' dir='ltr'>VI.</span> <span class='ocrx_word' id='word_1_144' title='bbox 347 1024 383 1051; x_wconf 86' lang='lat' dir='ltr'>id.</span> <span class='ocrx_word' id='word_1_145' title='bbox 449 1025 487 1051; x_wconf 88' lang='lat'>10.</span> <span class='ocrx_word' id='word_1_146' title='bbox 534 1023 675 1050; x_wconf 70' lang='lat' dir='ltr'>conradus</span> <span class='ocrx_word' id='word_1_147' title='bbox 697 1023 814 1049; x_wconf 82' lang='lat' dir='ltr'>Kastner</span> <span class='ocrx_word' id='word_1_148' title='bbox 838 1022 865 1048; x_wconf 90' lang='lat' dir='ltr'>in</span> <span class='ocrx_word' id='word_1_149' title='bbox 890 1022 1045 1048; x_wconf 72' lang='lat' dir='ltr'>Aehleuten</span> <span class='ocrx_word' id='word_1_150' title='bbox 1066 1021 1183 1048; x_wconf 76' lang='lat' dir='ltr'>tradidit</span> <span class='ocrx_word' id='word_1_151' title='bbox 1211 1030 1258 1055; x_wconf 86' lang='lat' dir='ltr'>pro</span> <span class='ocrx_word' id='word_1_152' title='bbox 1282 1021 1402 1048; x_wconf 81' lang='lat' dir='ltr'>remedio</span> <span class='ocrx_word' id='word_1_153' title='bbox 1426 1021 1517 1048; x_wconf 82' lang='lat' dir='ltr'>anime</span> <span class='ocrx_word' id='word_1_154' title='bbox 1543 1030 1590 1048; x_wconf 88' lang='lat' dir='ltr'>sue</span> <span class='ocrx_word' id='word_1_155' title='bbox 1617 1021 1696 1048; x_wconf 82' lang='lat' dir='ltr'>nobis</span> <span class='ocrx_word' id='word_1_156' title='bbox 1715 1022 1839 1056; x_wconf 85' lang='lat' dir='ltr'>predium</span> <span class='ocrx_word' id='word_1_157' title='bbox 1861 1023 1887 1048; x_wconf 89' lang='lat' dir='ltr'>in</span> 
     </span>
     <span class='ocr_line' id='line_1_22' title="bbox 600 1064 1888 1098; baseline -0.001 -6"><span class='ocrx_word' id='word_1_158' title='bbox 600 1067 754 1093; x_wconf 75' lang='lat' dir='ltr'>Achleuten</span> <span class='ocrx_word' id='word_1_159' title='bbox 774 1074 833 1092; x_wconf 84' lang='lat' dir='ltr'>cum</span> <span class='ocrx_word' id='word_1_160' title='bbox 855 1065 911 1091; x_wconf 83' lang='lat' dir='ltr'>suis</span> <span class='ocrx_word' id='word_1_161' title='bbox 929 1064 1100 1091; x_wconf 73' lang='lat' dir='ltr'>attinenciis.</span> <span class='ocrx_word' id='word_1_162' title='bbox 1128 1065 1262 1098; x_wconf 71' lang='lat' dir='ltr'>Kylianus</span> <span class='ocrx_word' id='word_1_163' title='bbox 1276 1064 1382 1091; x_wconf 82' lang='lat' dir='ltr'>Scheck</span> <span class='ocrx_word' id='word_1_164' title='bbox 1402 1065 1434 1091; x_wconf 86' lang='lat' dir='ltr'>de</span> <span class='ocrx_word' id='word_1_165' title='bbox 1448 1064 1569 1096; x_wconf 68' lang='lat' dir='ltr'>Austrin,</span> <span class='ocrx_word' id='word_1_166' title='bbox 1589 1064 1636 1098; x_wconf 86' lang='lat' dir='ltr'>qui</span> <span class='ocrx_word' id='word_1_167' title='bbox 1651 1065 1791 1092; x_wconf 83' lang='lat' dir='ltr'>ordinavit</span> <span class='ocrx_word' id='word_1_168' title='bbox 1809 1066 1888 1092; x_wconf 85' lang='lat' dir='ltr'>nobis</span> 
     </span>
     <span class='ocr_line' id='line_1_23' title="bbox 602 1108 800 1140; baseline -0.01 -4"><span class='ocrx_word' id='word_1_169' title='bbox 602 1111 613 1136; x_wconf 94' lang='lat'>1</span> <span class='ocrx_word' id='word_1_170' title='bbox 627 1111 651 1135; x_wconf 68' lang='lat' dir='ltr'>a</span> <span class='ocrx_word' id='word_1_171' title='bbox 663 1111 687 1140; x_wconf 61' lang='grc' dir='ltr'>ὦ,</span> <span class='ocrx_word' id='word_1_172' title='bbox 707 1108 800 1135; x_wconf 85' lang='lat' dir='ltr'>anniv.</span> 
     </span>
    </p>
   </div>
   <div class='ocr_carea' id='block_1_9' title="bbox 263 1151 1890 1660">
    <p class='ocr_par' dir='ltr' id='par_1_12' title="bbox 263 1151 1888 1348">
     <span class='ocr_line' id='line_1_24' title="bbox 263 1151 1888 1195; baseline -0.004 -6"><span class='ocrx_word' id='word_1_173' title='bbox 263 1162 335 1188; x_wconf 88' lang='lat' dir='ltr'>XVI.</span> <span class='ocrx_word' id='word_1_174' title='bbox 350 1162 405 1188; x_wconf 74' lang='lat' dir='ltr'>kal,</span> <span class='ocrx_word' id='word_1_175' title='bbox 454 1162 492 1188; x_wconf 83' lang='lat'>17.</span> <span class='ocrx_word' id='word_1_176' title='bbox 539 1152 742 1195; x_wconf 78' lang='lat' dir='ltr'>[Chfmradus</span> <span class='ocrx_word' id='word_1_177' title='bbox 760 1152 799 1182; x_wconf 91' lang='lat' dir='ltr'>de</span> <span class='ocrx_word' id='word_1_178' title='bbox 816 1151 954 1193; x_wconf 85' lang='lat' dir='ltr'>Eglinge</span> <span class='ocrx_word' id='word_1_179' title='bbox 966 1152 992 1193; x_wconf 77' lang='lat'>3)</span> <span class='ocrx_word' id='word_1_180' title='bbox 1017 1151 1079 1191; x_wconf 90' lang='lat' dir='ltr'>ob.,</span> <span class='ocrx_word' id='word_1_181' title='bbox 1103 1151 1188 1182; x_wconf 87' lang='lat' dir='ltr'>unde</span> <span class='ocrx_word' id='word_1_182' title='bbox 1212 1151 1304 1182; x_wconf 89' lang='lat' dir='ltr'>nobis</span> <span class='ocrx_word' id='word_1_183' title='bbox 1328 1152 1464 1183; x_wconf 85' lang='lat' dir='ltr'>servitur</span> <span class='ocrx_word' id='word_1_184' title='bbox 1487 1163 1506 1183; x_wconf 81' lang='lat' dir='ltr'>a</span> <span class='ocrx_word' id='word_1_185' title='bbox 1530 1163 1658 1184; x_wconf 83' lang='lat' dir='ltr'>camera</span> <span class='ocrx_word' id='word_1_186' title='bbox 1683 1152 1722 1183; x_wconf 90' lang='lat' dir='ltr'>de</span> <span class='ocrx_word' id='word_1_187' title='bbox 1747 1153 1833 1184; x_wconf 86' lang='lat' dir='ltr'>curia</span> <span class='ocrx_word' id='word_1_188' title='bbox 1857 1153 1888 1183; x_wconf 91' lang='lat' dir='ltr'>in</span> 
     </span>
     <span class='ocr_line' id='line_1_25' title="bbox 598 1203 1888 1246; baseline 0 -11"><span class='ocrx_word' id='word_1_189' title='bbox 598 1204 746 1246; x_wconf 84' lang='lat' dir='ltr'>Eglinge,</span> <span class='ocrx_word' id='word_1_190' title='bbox 771 1214 867 1245; x_wconf 88' lang='lat' dir='ltr'>quam</span> <span class='ocrx_word' id='word_1_191' title='bbox 884 1203 1017 1234; x_wconf 80' lang='lat' dir='ltr'>tradidit</span> <span class='ocrx_word' id='word_1_192' title='bbox 1041 1203 1147 1234; x_wconf 88' lang='lat' dir='ltr'>eidem</span> <span class='ocrx_word' id='word_1_193' title='bbox 1165 1203 1271 1234; x_wconf 80' lang='lat' dir='ltr'>officio</span> <span class='ocrx_word' id='word_1_194' title='bbox 1295 1214 1353 1245; x_wconf 89' lang='lat' dir='ltr'>pro</span> <span class='ocrx_word' id='word_1_195' title='bbox 1376 1203 1473 1234; x_wconf 86' lang='lat' dir='ltr'>illatis</span> <span class='ocrx_word' id='word_1_196' title='bbox 1491 1204 1637 1245; x_wconf 82' lang='lat' dir='ltr'>dampnis</span> <span class='ocrx_word' id='word_1_197' title='bbox 1660 1205 1690 1235; x_wconf 92' lang='lat' dir='ltr'>in</span> <span class='ocrx_word' id='word_1_198' title='bbox 1707 1204 1888 1235; x_wconf 88' lang='lat' dir='ltr'>hominibus</span> 
     </span>
     <span class='ocr_line' id='line_1_26' title="bbox 598 1255 1888 1296; baseline 0 -9"><span class='ocrx_word' id='word_1_199' title='bbox 598 1260 630 1287; x_wconf 86' lang='lat' dir='ltr'>et</span> <span class='ocrx_word' id='word_1_200' title='bbox 646 1257 742 1287; x_wconf 86' lang='lat' dir='ltr'>rebus</span> <span class='ocrx_word' id='word_1_201' title='bbox 760 1256 980 1286; x_wconf 78' lang='lat' dir='ltr'>consentiente</span> <span class='ocrx_word' id='word_1_202' title='bbox 998 1255 1116 1286; x_wconf 90' lang='lat' dir='ltr'>abbate</span> <span class='ocrx_word' id='word_1_203' title='bbox 1132 1255 1298 1295; x_wconf 85' lang='lat' dir='ltr'>HainrieO,</span> <span class='ocrx_word' id='word_1_204' title='bbox 1323 1266 1342 1286; x_wconf 85' lang='lat' dir='ltr'>a</span> <span class='ocrx_word' id='word_1_205' title='bbox 1359 1266 1421 1296; x_wconf 89' lang='lat' dir='ltr'>quo</span> <span class='ocrx_word' id='word_1_206' title='bbox 1440 1255 1545 1287; x_wconf 83' lang='lat' dir='ltr'>fuerat</span> <span class='ocrx_word' id='word_1_207' title='bbox 1562 1256 1677 1287; x_wconf 84' lang='lat' dir='ltr'>eadem</span> <span class='ocrx_word' id='word_1_208' title='bbox 1694 1256 1888 1295; x_wconf 74' lang='lat' dir='ltr'>infeudatus,</span> 
     </span>
     <span class='ocr_line' id='line_1_27' title="bbox 598 1306 1162 1348; baseline -0.004 -9"><span class='ocrx_word' id='word_1_209' title='bbox 598 1319 668 1339; x_wconf 83' lang='lat' dir='ltr'>eum</span> <span class='ocrx_word' id='word_1_210' title='bbox 696 1308 944 1339; x_wconf 86' lang='lat' dir='ltr'>elemosinarum</span> <span class='ocrx_word' id='word_1_211' title='bbox 968 1306 1162 1348; x_wconf 73' lang='lat' dir='ltr'>largitione]</span> 
     </span>
    </p>

    <p class='ocr_par' dir='ltr' id='par_1_13' title="bbox 296 1358 1889 1452">
     <span class='ocr_line' id='line_1_28' title="bbox 296 1358 1889 1403; baseline 0 -13"><span class='ocrx_word' id='word_1_212' title='bbox 296 1368 408 1394; x_wconf 68' lang='lat' dir='ltr'>VLkal,</span> <span class='ocrx_word' id='word_1_213' title='bbox 453 1369 493 1395; x_wconf 87' lang='grc'>27,</span> <span class='ocrx_word' id='word_1_214' title='bbox 541 1360 629 1403; x_wconf 85' lang='lat' dir='ltr'>[Otto</span> <span class='ocrx_word' id='word_1_215' title='bbox 655 1360 767 1399; x_wconf 70' lang='lat' dir='ltr'>eom.4)</span> <span class='ocrx_word' id='word_1_216' title='bbox 792 1359 832 1390; x_wconf 86' lang='lat' dir='ltr'>de</span> <span class='ocrx_word' id='word_1_217' title='bbox 849 1359 944 1390; x_wconf 84' lang='lat' dir='ltr'>Valai</span> <span class='ocrx_word' id='word_1_218' title='bbox 975 1360 1098 1389; x_wconf 84' lang='lat' dir='ltr'>occisus</span> <span class='ocrx_word' id='word_1_219' title='bbox 1127 1359 1196 1399; x_wconf 76' lang='lat' dir='ltr'>ob.,</span> <span class='ocrx_word' id='word_1_220' title='bbox 1228 1360 1281 1400; x_wconf 90' lang='lat' dir='ltr'>qui</span> <span class='ocrx_word' id='word_1_221' title='bbox 1312 1359 1401 1390; x_wconf 87' lang='lat' dir='ltr'>dedit</span> <span class='ocrx_word' id='word_1_222' title='bbox 1429 1359 1521 1390; x_wconf 81' lang='lat' dir='ltr'>nobis</span> <span class='ocrx_word' id='word_1_223' title='bbox 1545 1370 1688 1390; x_wconf 82' lang='lat' dir='ltr'>mansum</span> <span class='ocrx_word' id='word_1_224' title='bbox 1718 1360 1749 1390; x_wconf 91' lang='lat' dir='ltr'>in</span> <span class='ocrx_word' id='word_1_225' title='bbox 1777 1358 1889 1390; x_wconf 72' lang='lat' dir='ltr'>M6oeu</span> 
     </span>
     <span class='ocr_line' id='line_1_29' title="bbox 602 1409 1059 1452; baseline 0.002 -12"><span class='ocrx_word' id='word_1_226' title='bbox 602 1422 658 1452; x_wconf 87' lang='lat' dir='ltr'>pro</span> <span class='ocrx_word' id='word_1_227' title='bbox 684 1411 827 1442; x_wconf 87' lang='lat' dir='ltr'>remedio</span> <span class='ocrx_word' id='word_1_228' title='bbox 852 1411 957 1441; x_wconf 88' lang='lat' dir='ltr'>anime</span> <span class='ocrx_word' id='word_1_229' title='bbox 982 1409 1059 1452; x_wconf 71' lang='lat' dir='ltr'>sue]</span> 
     </span>
    </p>

    <p class='ocr_par' dir='ltr' id='par_1_14' title="bbox 291 1462 1890 1607">
     <span class='ocr_line' id='line_1_30' title="bbox 291 1462 1890 1505; baseline -0.003 -8"><span class='ocrx_word' id='word_1_230' title='bbox 291 1471 336 1497; x_wconf 82' lang='lat' dir='ltr'>IV.</span> <span class='ocrx_word' id='word_1_231' title='bbox 352 1471 407 1496; x_wconf 78' lang='lat' dir='ltr'>kal.</span> <span class='ocrx_word' id='word_1_232' title='bbox 452 1471 492 1496; x_wconf 75' lang='lat'>29.</span> <span class='ocrx_word' id='word_1_233' title='bbox 539 1462 740 1505; x_wconf 84' lang='lat' dir='ltr'>[Chunradus</span> <span class='ocrx_word' id='word_1_234' title='bbox 764 1463 856 1493; x_wconf 85' lang='lat' dir='ltr'>miles</span> <span class='ocrx_word' id='word_1_235' title='bbox 881 1462 920 1493; x_wconf 87' lang='lat' dir='ltr'>de</span> <span class='ocrx_word' id='word_1_236' title='bbox 946 1462 1070 1503; x_wconf 86' lang='lat' dir='ltr'>Gisling</span> <span class='ocrx_word' id='word_1_237' title='bbox 1094 1462 1161 1498; x_wconf 73' lang='lat' dir='ltr'>ob..</span> <span class='ocrx_word' id='word_1_238' title='bbox 1193 1462 1246 1503; x_wconf 91' lang='lat' dir='ltr'>qui</span> <span class='ocrx_word' id='word_1_239' title='bbox 1274 1473 1331 1503; x_wconf 91' lang='lat' dir='ltr'>pro</span> <span class='ocrx_word' id='word_1_240' title='bbox 1365 1462 1509 1493; x_wconf 86' lang='lat' dir='ltr'>remedio</span> <span class='ocrx_word' id='word_1_241' title='bbox 1540 1463 1645 1493; x_wconf 89' lang='lat' dir='ltr'>anime</span> <span class='ocrx_word' id='word_1_242' title='bbox 1674 1474 1730 1494; x_wconf 85' lang='lat' dir='ltr'>sue</span> <span class='ocrx_word' id='word_1_243' title='bbox 1759 1462 1890 1493; x_wconf 84' lang='lat' dir='ltr'>tradidit</span> 
     </span>
     <span class='ocr_line' id='line_1_31' title="bbox 600 1513 1889 1555; baseline -0.001 -10"><span class='ocrx_word' id='word_1_244' title='bbox 600 1514 719 1545; x_wconf 79' lang='lat' dir='ltr'>hfibam</span> <span class='ocrx_word' id='word_1_245' title='bbox 744 1515 774 1544; x_wconf 90' lang='lat' dir='ltr'>in</span> <span class='ocrx_word' id='word_1_246' title='bbox 799 1514 1019 1553; x_wconf 83' lang='lat' dir='ltr'>Ilolienstain,</span> <span class='ocrx_word' id='word_1_247' title='bbox 1050 1520 1084 1544; x_wconf 86' lang='lat' dir='ltr'>ut</span> <span class='ocrx_word' id='word_1_248' title='bbox 1113 1514 1183 1554; x_wconf 83' lang='lat' dir='ltr'>ipso</span> <span class='ocrx_word' id='word_1_249' title='bbox 1212 1513 1263 1544; x_wconf 89' lang='lat' dir='ltr'>die</span> <span class='ocrx_word' id='word_1_250' title='bbox 1289 1513 1440 1544; x_wconf 80' lang='lat' dir='ltr'>fratribus</span> <span class='ocrx_word' id='word_1_251' title='bbox 1471 1514 1511 1545; x_wconf 87' lang='lat' dir='ltr'>de</span> <span class='ocrx_word' id='word_1_252' title='bbox 1535 1515 1605 1555; x_wconf 87' lang='lat' dir='ltr'>ipsa</span> <span class='ocrx_word' id='word_1_253' title='bbox 1629 1513 1713 1545; x_wconf 74' lang='lat' dir='ltr'>hfiba</span> <span class='ocrx_word' id='word_1_254' title='bbox 1739 1514 1889 1545; x_wconf 82' lang='lat' dir='ltr'>habunde</span> 
     </span>
     <span class='ocr_line' id='line_1_32' title="bbox 600 1565 1666 1607; baseline 0.001 -11"><span class='ocrx_word' id='word_1_255' title='bbox 600 1567 796 1597; x_wconf 74' lang='lat' dir='ltr'>ministretur</span> <span class='ocrx_word' id='word_1_256' title='bbox 819 1566 860 1596; x_wconf 87' lang='lat' dir='ltr'>ab</span> <span class='ocrx_word' id='word_1_257' title='bbox 885 1566 1050 1607; x_wconf 85' lang='lat' dir='ltr'>oblegerio</span> <span class='ocrx_word' id='word_1_258' title='bbox 1076 1569 1109 1596; x_wconf 88' lang='lat' dir='ltr'>et</span> <span class='ocrx_word' id='word_1_259' title='bbox 1133 1565 1328 1606; x_wconf 84' lang='lat' dir='ltr'>pauperibus</span> <span class='ocrx_word' id='word_1_260' title='bbox 1353 1565 1529 1596; x_wconf 78' lang='lat' dir='ltr'>elemosina</span> <span class='ocrx_word' id='word_1_261' title='bbox 1553 1565 1666 1607; x_wconf 53' lang='lat' dir='ltr'>detur]</span> 
     </span>
    </p>

    <p class='ocr_par' dir='ltr' id='par_1_15' title="bbox 293 1616 1273 1660">
     <span class='ocr_line' id='line_1_33' title="bbox 293 1616 1273 1660; baseline -0.004 -8"><span class='ocrx_word' id='word_1_262' title='bbox 293 1627 341 1652; x_wconf 89' lang='lat'>111.</span> <span class='ocrx_word' id='word_1_263' title='bbox 356 1626 412 1652; x_wconf 81' lang='lat' dir='ltr'>kal.</span> <span class='ocrx_word' id='word_1_264' title='bbox 458 1627 498 1652; x_wconf 67' lang='grc'>30.</span> <span class='ocrx_word' id='word_1_265' title='bbox 548 1618 765 1660; x_wconf 74' lang='lat' dir='ltr'>[Pur-ehardus</span> <span class='ocrx_word' id='word_1_266' title='bbox 789 1617 862 1649; x_wconf 87' lang='lat' dir='ltr'>abb.</span> <span class='ocrx_word' id='word_1_267' title='bbox 888 1618 977 1648; x_wconf 77' lang='lat' dir='ltr'>istius</span> <span class='ocrx_word' id='word_1_268' title='bbox 1000 1618 1186 1648; x_wconf 85' lang='lat' dir='ltr'>monasterii</span> <span class='ocrx_word' id='word_1_269' title='bbox 1211 1616 1273 1659; x_wconf 81' lang='lat' dir='ltr'>ob.]</span> 
     </span>
    </p>
   </div>
   <div class='ocr_carea' id='block_1_10' title="bbox 927 1706 1200 1742">
    <p class='ocr_par' dir='ltr' id='par_1_16' title="bbox 927 1706 1200 1742">
     <span class='ocr_line' id='line_1_34' title="bbox 927 1706 1200 1742; baseline 0 -1"><span class='ocrx_word' id='word_1_270' title='bbox 927 1706 990 1741; x_wconf 88' lang='grc' dir='ltr'>ΝΟ</span> <span class='ocrx_word' id='word_1_271' title='bbox 997 1706 1200 1742; x_wconf 81' lang='lat' dir='ltr'>VEMBER.</span> 
     </span>
    </p>
   </div>
   <div class='ocr_carea' id='block_1_11' title="bbox 271 1772 1891 2538">
    <p class='ocr_par' dir='ltr' id='par_1_17' title="bbox 355 1772 1889 1970">
     <span class='ocr_line' id='line_1_35' title="bbox 355 1772 1888 1813; baseline -0.002 -7"><span class='ocrx_word' id='word_1_272' title='bbox 355 1781 409 1806; x_wconf 75' lang='lat' dir='ltr'>kal.</span> <span class='ocrx_word' id='word_1_273' title='bbox 475 1782 496 1807; x_wconf 79' lang='lat'>1.</span> <span class='ocrx_word' id='word_1_274' title='bbox 542 1773 699 1804; x_wconf 84' lang='lat' dir='ltr'>Dominus</span> <span class='ocrx_word' id='word_1_275' title='bbox 723 1772 876 1803; x_wconf 83' lang='lat' dir='ltr'>Albertus</span> <span class='ocrx_word' id='word_1_276' title='bbox 900 1773 989 1813; x_wconf 73' lang='lat' dir='ltr'>abb,</span> <span class='ocrx_word' id='word_1_277' title='bbox 1014 1772 1164 1803; x_wconf 85' lang='lat' dir='ltr'>fundator</span> <span class='ocrx_word' id='word_1_278' title='bbox 1192 1773 1285 1803; x_wconf 85' lang='lat' dir='ltr'>huius</span> <span class='ocrx_word' id='word_1_279' title='bbox 1309 1773 1494 1803; x_wconf 84' lang='lat' dir='ltr'>monasterii</span> <span class='ocrx_word' id='word_1_280' title='bbox 1519 1772 1584 1805; x_wconf 89' lang='lat' dir='ltr'>ob.:</span> <span class='ocrx_word' id='word_1_281' title='bbox 1615 1772 1769 1813; x_wconf 87' lang='lat' dir='ltr'>magister</span> <span class='ocrx_word' id='word_1_282' title='bbox 1797 1776 1888 1813; x_wconf 86' lang='lat' dir='ltr'>porte</span> 
     </span>
     <span class='ocr_line' id='line_1_36' title="bbox 606 1824 1889 1865; baseline 0.001 -11"><span class='ocrx_word' id='word_1_283' title='bbox 606 1829 613 1855; x_wconf 90' lang='grc'>1</span> <span class='ocrx_word' id='word_1_284' title='bbox 636 1824 777 1855; x_wconf 84' lang='lat' dir='ltr'>modium</span> <span class='ocrx_word' id='word_1_285' title='bbox 796 1825 899 1865; x_wconf 69' lang='lat' dir='ltr'>siguli,</span> <span class='ocrx_word' id='word_1_286' title='bbox 930 1827 964 1855; x_wconf 76' lang='lat'>12</span> <span class='ocrx_word' id='word_1_287' title='bbox 982 1835 1103 1864; x_wconf 70' lang='lat' dir='ltr'>caseos,</span> <span class='ocrx_word' id='word_1_288' title='bbox 1130 1825 1325 1855; x_wconf 76' lang='lat' dir='ltr'>camerarius</span> <span class='ocrx_word' id='word_1_289' title='bbox 1349 1827 1367 1854; x_wconf 79' lang='lat'>2</span> <span class='ocrx_word' id='word_1_290' title='bbox 1384 1824 1509 1854; x_wconf 87' lang='lat' dir='ltr'>modios</span> <span class='ocrx_word' id='word_1_291' title='bbox 1526 1824 1630 1865; x_wconf 84' lang='lat' dir='ltr'>siguli,</span> <span class='ocrx_word' id='word_1_292' title='bbox 1654 1825 1685 1854; x_wconf 92' lang='lat' dir='ltr'>in</span> <span class='ocrx_word' id='word_1_293' title='bbox 1703 1825 1889 1865; x_wconf 81' lang='lat' dir='ltr'>erogatione</span> 
     </span>
     <span class='ocr_line' id='line_1_37' title="bbox 600 1876 1889 1917; baseline 0 -11"><span class='ocrx_word' id='word_1_294' title='bbox 600 1876 848 1907; x_wconf 87' lang='lat' dir='ltr'>elemosinarum</span> <span class='ocrx_word' id='word_1_295' title='bbox 872 1877 1058 1917; x_wconf 76' lang='lat' dir='ltr'>largientur,</span> <span class='ocrx_word' id='word_1_296' title='bbox 1082 1877 1169 1917; x_wconf 78' lang='lat' dir='ltr'>prior</span> <span class='ocrx_word' id='word_1_297' title='bbox 1192 1877 1288 1907; x_wconf 85' lang='lat' dir='ltr'>missa</span> <span class='ocrx_word' id='word_1_298' title='bbox 1313 1876 1530 1906; x_wconf 81' lang='lat' dir='ltr'>celebrabitur</span> <span class='ocrx_word' id='word_1_299' title='bbox 1553 1887 1610 1917; x_wconf 86' lang='lat' dir='ltr'>pro</span> <span class='ocrx_word' id='word_1_300' title='bbox 1635 1876 1703 1916; x_wconf 88' lang='lat' dir='ltr'>ipso</span> <span class='ocrx_word' id='word_1_301' title='bbox 1721 1876 1889 1906; x_wconf 86' lang='lat' dir='ltr'>fundatore</span> 
     </span>
     <span class='ocr_line' id='line_1_38' title="bbox 602 1927 1221 1970; baseline 0 -12"><span class='ocrx_word' id='word_1_302' title='bbox 602 1928 644 1969; x_wconf 76' lang='lat' dir='ltr'>[in</span> <span class='ocrx_word' id='word_1_303' title='bbox 670 1928 778 1969; x_wconf 75' lang='lat' dir='ltr'>vigilia</span> <span class='ocrx_word' id='word_1_304' title='bbox 803 1928 953 1958; x_wconf 79' lang='lat' dir='ltr'>Omnium</span> <span class='ocrx_word' id='word_1_305' title='bbox 978 1927 1221 1970; x_wconf 76' lang='lat' dir='ltr'>Sanet01·um.⁵)]</span> 
     </span>
    </p>

    <p class='ocr_par' dir='ltr' id='par_1_18' title="bbox 299 1978 1891 2125">
     <span class='ocr_line' id='line_1_39' title="bbox 299 1978 1891 2021; baseline -0.002 -9"><span class='ocrx_word' id='word_1_306' title='bbox 299 1988 344 2013; x_wconf 86' lang='lat'>111.</span> <span class='ocrx_word' id='word_1_307' title='bbox 359 1997 420 2013; x_wconf 77' lang='lat' dir='ltr'>non.</span> <span class='ocrx_word' id='word_1_308' title='bbox 474 1988 497 2013; x_wconf 76' lang='lat'>3.</span> <span class='ocrx_word' id='word_1_309' title='bbox 544 1979 728 2021; x_wconf 66' lang='lat' dir='ltr'>{licini-icus</span> <span class='ocrx_word' id='word_1_310' title='bbox 752 1980 844 2010; x_wconf 81' lang='lat' dir='ltr'>miles</span> <span class='ocrx_word' id='word_1_311' title='bbox 870 1979 971 2010; x_wconf 84' lang='lat' dir='ltr'>dietus</span> <span class='ocrx_word' id='word_1_312' title='bbox 996 1980 1154 2010; x_wconf 87' lang='lat' dir='ltr'>Pinkenie</span> <span class='ocrx_word' id='word_1_313' title='bbox 1180 1980 1247 2017; x_wconf 53' lang='lat' dir='ltr'>ob„</span> <span class='ocrx_word' id='word_1_314' title='bbox 1283 1979 1368 2010; x_wconf 86' lang='lat' dir='ltr'>unde</span> <span class='ocrx_word' id='word_1_315' title='bbox 1399 1979 1490 2009; x_wconf 82' lang='lat' dir='ltr'>nobis</span> <span class='ocrx_word' id='word_1_316' title='bbox 1519 1979 1655 2010; x_wconf 80' lang='lat' dir='ltr'>servitur</span> <span class='ocrx_word' id='word_1_317' title='bbox 1686 1978 1726 2010; x_wconf 90' lang='lat' dir='ltr'>de</span> <span class='ocrx_word' id='word_1_318' title='bbox 1750 1979 1836 2009; x_wconf 89' lang='lat' dir='ltr'>huba</span> <span class='ocrx_word' id='word_1_319' title='bbox 1861 1980 1891 2009; x_wconf 87' lang='lat' dir='ltr'>in</span> 
     </span>
     <span class='ocr_line' id='line_1_40' title="bbox 601 2031 1889 2072; baseline 0 -11"><span class='ocrx_word' id='word_1_320' title='bbox 601 2032 803 2072; x_wconf 84' lang='lat' dir='ltr'>Funsingen,</span> <span class='ocrx_word' id='word_1_321' title='bbox 837 2042 932 2072; x_wconf 88' lang='lat' dir='ltr'>quam</span> <span class='ocrx_word' id='word_1_322' title='bbox 961 2042 1018 2061; x_wconf 86' lang='lat' dir='ltr'>nos</span> <span class='ocrx_word' id='word_1_323' title='bbox 1042 2032 1237 2062; x_wconf 78' lang='lat' dir='ltr'>redemimus</span> <span class='ocrx_word' id='word_1_324' title='bbox 1262 2043 1319 2072; x_wconf 85' lang='lat' dir='ltr'>pro</span> <span class='ocrx_word' id='word_1_325' title='bbox 1345 2034 1360 2062; x_wconf 80' lang='lat'><strong>7</strong></span> <span class='ocrx_word' id='word_1_326' title='bbox 1380 2036 1420 2071; x_wconf 74' lang='grc'>11,</span> <span class='ocrx_word' id='word_1_327' title='bbox 1455 2035 1486 2062; x_wconf 89' lang='lat' dir='ltr'>et</span> <span class='ocrx_word' id='word_1_328' title='bbox 1518 2031 1642 2062; x_wconf 87' lang='lat' dir='ltr'>adtinet</span> <span class='ocrx_word' id='word_1_329' title='bbox 1677 2031 1889 2072; x_wconf 75' lang='lat' dir='ltr'>prepositure,</span> 
     </span>
     <span class='ocr_line' id='line_1_41' title="bbox 600 2083 1137 2125; baseline 0 -11"><span class='ocrx_word' id='word_1_330' title='bbox 600 2084 795 2124; x_wconf 83' lang='lat' dir='ltr'>pauperibus</span> <span class='ocrx_word' id='word_1_331' title='bbox 821 2083 997 2113; x_wconf 77' lang='lat' dir='ltr'>elemosina</span> <span class='ocrx_word' id='word_1_332' title='bbox 1022 2083 1137 2125; x_wconf 59' lang='lat' dir='ltr'>demin]</span> 
     </span>
    </p>

    <p class='ocr_par' dir='ltr' id='par_1_19' title="bbox 308 2133 1891 2333">
     <span class='ocr_line' id='line_1_42' title="bbox 308 2133 1889 2177; baseline -0.002 -10"><span class='ocrx_word' id='word_1_333' title='bbox 308 2143 340 2168; x_wconf 90' lang='grc' dir='ltr'>ΙΙ.</span> <span class='ocrx_word' id='word_1_334' title='bbox 357 2153 416 2169; x_wconf 73' lang='lat' dir='ltr'>non.</span> <span class='ocrx_word' id='word_1_335' title='bbox 470 2145 493 2169; x_wconf 83' lang='lat'>4.</span> <span class='ocrx_word' id='word_1_336' title='bbox 540 2135 707 2177; x_wconf 79' lang='lat' dir='ltr'>[Albertus</span> <span class='ocrx_word' id='word_1_337' title='bbox 732 2136 771 2166; x_wconf 86' lang='lat' dir='ltr'>de.</span> <span class='ocrx_word' id='word_1_338' title='bbox 796 2136 1001 2165; x_wconf 82' lang='lat' dir='ltr'>Pusinehaiin</span> <span class='ocrx_word' id='word_1_339' title='bbox 1028 2135 1095 2177; x_wconf 76' lang='lat' dir='ltr'>ob,</span> <span class='ocrx_word' id='word_1_340' title='bbox 1127 2137 1180 2177; x_wconf 84' lang='lat' dir='ltr'>qui</span> <span class='ocrx_word' id='word_1_341' title='bbox 1212 2137 1241 2166; x_wconf 89' lang='lat' dir='ltr'>in</span> <span class='ocrx_word' id='word_1_342' title='bbox 1267 2135 1381 2167; x_wconf 83' lang='lat' dir='ltr'>eodeni</span> <span class='ocrx_word' id='word_1_343' title='bbox 1406 2136 1476 2166; x_wconf 82' lang='lat' dir='ltr'>loeo</span> <span class='ocrx_word' id='word_1_344' title='bbox 1501 2135 1632 2166; x_wconf 83' lang='lat' dir='ltr'>tradidit</span> <span class='ocrx_word' id='word_1_345' title='bbox 1656 2134 1747 2164; x_wconf 88' lang='lat' dir='ltr'>nobis</span> <span class='ocrx_word' id='word_1_346' title='bbox 1771 2133 1889 2164; x_wconf 83' lang='lat' dir='ltr'>hubam</span> 
     </span>
     <span class='ocr_line' id='line_1_43' title="bbox 600 2185 1890 2229; baseline -0.002 -11"><span class='ocrx_word' id='word_1_347' title='bbox 600 2199 656 2229; x_wconf 91' lang='lat' dir='ltr'>pro</span> <span class='ocrx_word' id='word_1_348' title='bbox 682 2188 825 2218; x_wconf 83' lang='lat' dir='ltr'>remedio</span> <span class='ocrx_word' id='word_1_349' title='bbox 850 2188 955 2218; x_wconf 82' lang='lat' dir='ltr'>anime</span> <span class='ocrx_word' id='word_1_350' title='bbox 973 2198 1039 2225; x_wconf 79' lang='lat' dir='ltr'>sue,</span> <span class='ocrx_word' id='word_1_351' title='bbox 1064 2192 1098 2218; x_wconf 84' lang='lat' dir='ltr'>ut</span> <span class='ocrx_word' id='word_1_352' title='bbox 1123 2188 1152 2218; x_wconf 90' lang='lat' dir='ltr'>in</span> <span class='ocrx_word' id='word_1_353' title='bbox 1177 2188 1236 2218; x_wconf 81' lang='lat' dir='ltr'>liae</span> <span class='ocrx_word' id='word_1_354' title='bbox 1261 2187 1312 2218; x_wconf 89' lang='lat' dir='ltr'>die</span> <span class='ocrx_word' id='word_1_355' title='bbox 1330 2187 1490 2227; x_wconf 84' lang='lat' dir='ltr'>fratribus,</span> <span class='ocrx_word' id='word_1_356' title='bbox 1515 2190 1608 2228; x_wconf 87' lang='lat' dir='ltr'>prout</span> <span class='ocrx_word' id='word_1_357' title='bbox 1625 2185 1768 2217; x_wconf 86' lang='lat' dir='ltr'>redditus</span> <span class='ocrx_word' id='word_1_358' title='bbox 1792 2186 1890 2226; x_wconf 84' lang='lat' dir='ltr'>ipsius</span> 
     </span>
     <span class='ocr_line' id='line_1_44' title="bbox 598 2238 1891 2281; baseline -0.002 -11"><span class='ocrx_word' id='word_1_359' title='bbox 598 2240 700 2281; x_wconf 87' lang='lat' dir='ltr'>predii</span> <span class='ocrx_word' id='word_1_360' title='bbox 719 2240 874 2270; x_wconf 82' lang='lat' dir='ltr'>sustinere</span> <span class='ocrx_word' id='word_1_361' title='bbox 893 2240 1042 2280; x_wconf 88' lang='lat' dir='ltr'>potuerit,</span> <span class='ocrx_word' id='word_1_362' title='bbox 1067 2240 1263 2270; x_wconf 78' lang='lat' dir='ltr'>ministretur</span> <span class='ocrx_word' id='word_1_363' title='bbox 1286 2243 1318 2270; x_wconf 88' lang='lat' dir='ltr'>et</span> <span class='ocrx_word' id='word_1_364' title='bbox 1335 2239 1530 2280; x_wconf 84' lang='lat' dir='ltr'>pauperibus</span> <span class='ocrx_word' id='word_1_365' title='bbox 1548 2238 1723 2269; x_wconf 83' lang='lat' dir='ltr'>elemosina</span> <span class='ocrx_word' id='word_1_366' title='bbox 1740 2242 1891 2279; x_wconf 78' lang='lat' dir='ltr'>erogetur</span> 
     </span>
     <span class='ocr_line' id='line_1_45' title="bbox 599 2291 854 2333; baseline 0 -11"><span class='ocrx_word' id='word_1_367' title='bbox 599 2292 640 2322; x_wconf 84' lang='lat' dir='ltr'>ab</span> <span class='ocrx_word' id='word_1_368' title='bbox 665 2291 854 2333; x_wconf 69' lang='lat' dir='ltr'>oblegerio.1</span> 
     </span>
    </p>

    <p class='ocr_par' dir='ltr' id='par_1_20' title="bbox 271 2340 1890 2538">
     <span class='ocr_line' id='line_1_46' title="bbox 271 2340 1889 2381; baseline -0.004 -5"><span class='ocrx_word' id='word_1_369' title='bbox 271 2350 344 2376; x_wconf 81' lang='lat' dir='ltr'>VIII.</span> <span class='ocrx_word' id='word_1_370' title='bbox 361 2351 395 2377; x_wconf 80' lang='lat' dir='ltr'>id.</span> <span class='ocrx_word' id='word_1_371' title='bbox 475 2353 497 2377; x_wconf 72' lang='lat'>⁴3.</span> <span class='ocrx_word' id='word_1_372' title='bbox 545 2343 740 2374; x_wconf 81' lang='lat' dir='ltr'>Cellerarius</span> <span class='ocrx_word' id='word_1_373' title='bbox 764 2343 823 2373; x_wconf 79' lang='lat' dir='ltr'>hoe</span> <span class='ocrx_word' id='word_1_374' title='bbox 849 2343 900 2373; x_wconf 85' lang='lat' dir='ltr'>die</span> <span class='ocrx_word' id='word_1_375' title='bbox 926 2343 1077 2373; x_wconf 73' lang='lat' dir='ltr'>fratribus</span> <span class='ocrx_word' id='word_1_376' title='bbox 1104 2343 1263 2373; x_wconf 82' lang='lat' dir='ltr'>ministrat</span> <span class='ocrx_word' id='word_1_377' title='bbox 1287 2353 1357 2373; x_wconf 75' lang='lat' dir='ltr'>eum</span> <span class='ocrx_word' id='word_1_378' title='bbox 1384 2342 1629 2373; x_wconf 84' lang='lat' dir='ltr'>elemosinarum</span> <span class='ocrx_word' id='word_1_379' title='bbox 1655 2340 1824 2381; x_wconf 86' lang='lat' dir='ltr'>largitione</span> <span class='ocrx_word' id='word_1_380' title='bbox 1850 2340 1889 2370; x_wconf 83' lang='lat' dir='ltr'>de</span> 
     </span>
     <span class='ocr_line' id='line_1_47' title="bbox 600 2391 1890 2435; baseline -0.003 -10"><span class='ocrx_word' id='word_1_381' title='bbox 600 2396 687 2425; x_wconf 85' lang='lat' dir='ltr'>euria</span> <span class='ocrx_word' id='word_1_382' title='bbox 712 2396 740 2425; x_wconf 88' lang='lat' dir='ltr'>in</span> <span class='ocrx_word' id='word_1_383' title='bbox 765 2394 897 2435; x_wconf 76' lang='lat' dir='ltr'>Ridoin,</span> <span class='ocrx_word' id='word_1_384' title='bbox 934 2395 1022 2425; x_wconf 82' lang='lat' dir='ltr'>euius</span> <span class='ocrx_word' id='word_1_385' title='bbox 1047 2395 1185 2425; x_wconf 79' lang='lat' dir='ltr'>insessor</span> <span class='ocrx_word' id='word_1_386' title='bbox 1214 2393 1328 2424; x_wconf 80' lang='lat' dir='ltr'>dicitur</span> <span class='ocrx_word' id='word_1_387' title='bbox 1358 2394 1481 2429; x_wconf 72' lang='lat' dir='ltr'>Plaser,</span> <span class='ocrx_word' id='word_1_388' title='bbox 1515 2405 1609 2434; x_wconf 83' lang='lat' dir='ltr'>quam</span> <span class='ocrx_word' id='word_1_389' title='bbox 1639 2392 1770 2423; x_wconf 81' lang='lat' dir='ltr'>tradidit</span> <span class='ocrx_word' id='word_1_390' title='bbox 1798 2391 1890 2422; x_wconf 87' lang='lat' dir='ltr'>nobis</span> 
     </span>
     <span class='ocr_line' id='line_1_48' title="bbox 600 2443 1889 2486; baseline -0.003 -9"><span class='ocrx_word' id='word_1_391' title='bbox 600 2447 747 2477; x_wconf 87' lang='lat' dir='ltr'>dominus</span> <span class='ocrx_word' id='word_1_392' title='bbox 772 2446 936 2477; x_wconf 79' lang='lat' dir='ltr'>Gerwieus</span> <span class='ocrx_word' id='word_1_393' title='bbox 970 2446 1009 2476; x_wconf 88' lang='lat' dir='ltr'>de</span> <span class='ocrx_word' id='word_1_394' title='bbox 1036 2445 1220 2486; x_wconf 78' lang='lat' dir='ltr'>Swinpereh</span> <span class='ocrx_word' id='word_1_395' title='bbox 1255 2456 1312 2486; x_wconf 87' lang='lat' dir='ltr'>pro</span> <span class='ocrx_word' id='word_1_396' title='bbox 1349 2446 1491 2476; x_wconf 89' lang='lat' dir='ltr'>remedio</span> <span class='ocrx_word' id='word_1_397' title='bbox 1526 2446 1632 2476; x_wconf 88' lang='lat' dir='ltr'>anime</span> <span class='ocrx_word' id='word_1_398' title='bbox 1667 2454 1733 2474; x_wconf 88' lang='lat' dir='ltr'>sue.</span> <span class='ocrx_word' id='word_1_399' title='bbox 1787 2443 1889 2485; x_wconf 73' lang='lat' dir='ltr'>[Bone</span> 
     </span>
     <span class='ocr_line' id='line_1_49' title="bbox 600 2488 1889 2538; baseline -0.002 -10"><span class='ocrx_word' id='word_1_400' title='bbox 600 2499 754 2529; x_wconf 86' lang='lat' dir='ltr'>memorie</span> <span class='ocrx_word' id='word_1_401' title='bbox 780 2488 905 2528; x_wconf 53' lang='lat' dir='ltr'>fili-icus</span> <span class='ocrx_word' id='word_1_402' title='bbox 941 2498 1013 2528; x_wconf 82' lang='lat' dir='ltr'>abb.</span> <span class='ocrx_word' id='word_1_403' title='bbox 1051 2498 1079 2527; x_wconf 88' lang='lat' dir='ltr'>in</span> <span class='ocrx_word' id='word_1_404' title='bbox 1118 2497 1280 2538; x_wconf 62' lang='lat' dir='ltr'>Scheyren</span> <span class='ocrx_word' id='word_1_405' title='bbox 1317 2498 1352 2529; x_wconf 84' lang='lat' dir='ltr'>fr.</span> <span class='ocrx_word' id='word_1_406' title='bbox 1389 2510 1416 2529; x_wconf 91' lang='lat' dir='ltr'>n.</span> <span class='ocrx_word' id='word_1_407' title='bbox 1454 2497 1503 2528; x_wconf 83' lang='lat' dir='ltr'>ob.</span> <span class='ocrx_word' id='word_1_408' title='bbox 1535 2508 1616 2527; x_wconf 80' lang='lat' dir='ltr'>anno</span> <span class='ocrx_word' id='word_1_409' title='bbox 1647 2496 1765 2526; x_wconf 87' lang='lat' dir='ltr'>domini</span> <span class='ocrx_word' id='word_1_410' title='bbox 1800 2498 1889 2535; x_wconf 80' lang='lat'>1313,</span> 
     </span>
    </p>
   </div>
   <div class='ocr_carea' id='block_1_12' title="bbox 240 2614 1889 2737">
    <p class='ocr_par' dir='ltr' id='par_1_21' title="bbox 240 2614 1889 2737">
     <span class='ocr_line' id='line_1_50' title="bbox 346 2614 1888 2652; baseline -0.003 -9"><span class='ocrx_word' id='word_1_411' title='bbox 346 2620 365 2649; x_wconf 80' lang='lat'>¹)</span> <span class='ocrx_word' id='word_1_412' title='bbox 384 2619 442 2644; x_wconf 63' lang='lat' dir='ltr'>Ass.</span> <span class='ocrx_word' id='word_1_413' title='bbox 456 2627 536 2644; x_wconf 51' lang='lat' dir='ltr'>mun:</span> <span class='ocrx_word' id='word_1_414' title='bbox 555 2618 757 2652; x_wconf 78' lang='lat' dir='ltr'>Cliiinigundis.</span> <span class='ocrx_word' id='word_1_415' title='bbox 859 2620 879 2651; x_wconf 77' lang='grc'>2)</span> <span class='ocrx_word' id='word_1_416' title='bbox 899 2618 976 2644; x_wconf 77' lang='lat' dir='ltr'>Hace</span> <span class='ocrx_word' id='word_1_417' title='bbox 989 2620 1051 2643; x_wconf 70' lang='lat' dir='ltr'>nola</span> <span class='ocrx_word' id='word_1_418' title='bbox 1070 2618 1100 2643; x_wconf 72' lang='lat' dir='ltr'>vin</span> <span class='ocrx_word' id='word_1_419' title='bbox 1114 2619 1173 2644; x_wconf 77' lang='lat' dir='ltr'>Ass.</span> <span class='ocrx_word' id='word_1_420' title='bbox 1187 2627 1252 2644; x_wconf 76' lang='lat' dir='ltr'>(mn.</span> <span class='ocrx_word' id='word_1_421' title='bbox 1267 2626 1350 2643; x_wconf 69' lang='grc' dir='ltr'>νηαηιι</span> <span class='ocrx_word' id='word_1_422' title='bbox 1360 2617 1458 2650; x_wconf 74' lang='lat' dir='ltr'>prima,</span> <span class='ocrx_word' id='word_1_423' title='bbox 1477 2616 1507 2641; x_wconf 73' lang='lat' dir='ltr'>in</span> <span class='ocrx_word' id='word_1_424' title='bbox 1522 2616 1546 2641; x_wconf 87' lang='lat' dir='ltr'><em>A</em></span> <span class='ocrx_word' id='word_1_425' title='bbox 1559 2615 1662 2641; x_wconf 71' lang='lat' dir='ltr'>(lenium</span> <span class='ocrx_word' id='word_1_426' title='bbox 1677 2616 1779 2641; x_wconf 67' lang='lat' dir='ltr'>saeculo</span> <span class='ocrx_word' id='word_1_427' title='bbox 1794 2614 1888 2640; x_wconf 73' lang='lat' dir='ltr'>XVII.</span> 
     </span>
     <span class='ocr_line' id='line_1_51' title="bbox 240 2658 1889 2694; baseline 0 -10"><span class='ocrx_word' id='word_1_428' title='bbox 240 2660 294 2685; x_wconf 75' lang='lat' dir='ltr'>loen</span> <span class='ocrx_word' id='word_1_429' title='bbox 313 2663 392 2686; x_wconf 66' lang='lat' dir='ltr'>notae</span> <span class='ocrx_word' id='word_1_430' title='bbox 411 2669 503 2686; x_wconf 71' lang='lat' dir='ltr'>erasae</span> <span class='ocrx_word' id='word_1_431' title='bbox 523 2661 616 2686; x_wconf 71' lang='lat' dir='ltr'>addim</span> <span class='ocrx_word' id='word_1_432' title='bbox 635 2664 681 2693; x_wconf 78' lang='lat' dir='ltr'>es!;</span> <span class='ocrx_word' id='word_1_433' title='bbox 709 2661 762 2687; x_wconf 66' lang='lat' dir='ltr'>vide</span> <span class='ocrx_word' id='word_1_434' title='bbox 785 2662 864 2686; x_wconf 75' lang='lat' dir='ltr'>eliam</span> <span class='ocrx_word' id='word_1_435' title='bbox 889 2666 926 2687; x_wconf 70' lang='lat'>29.</span> <span class='ocrx_word' id='word_1_436' title='bbox 948 2661 1035 2694; x_wconf 75' lang='lat' dir='ltr'>April.</span> <span class='ocrx_word' id='word_1_437' title='bbox 1143 2662 1163 2694; x_wconf 77' lang='lat'>³)</span> <span class='ocrx_word' id='word_1_438' title='bbox 1186 2661 1266 2686; x_wconf 71' lang='lat' dir='ltr'>Hanc</span> <span class='ocrx_word' id='word_1_439' title='bbox 1292 2663 1383 2685; x_wconf 72' lang='lat' dir='ltr'>notam</span> <span class='ocrx_word' id='word_1_440' title='bbox 1402 2660 1462 2685; x_wconf 82' lang='lat' dir='ltr'>Ass.</span> <span class='ocrx_word' id='word_1_441' title='bbox 1481 2667 1546 2684; x_wconf 73' lang='lat' dir='ltr'>cnm.</span> <span class='ocrx_word' id='word_1_442' title='bbox 1566 2658 1603 2683; x_wconf 73' lang='lat' dir='ltr'>ad</span> <span class='ocrx_word' id='word_1_443' title='bbox 1625 2662 1659 2684; x_wconf 73' lang='lat'>18.</span> <span class='ocrx_word' id='word_1_444' title='bbox 1681 2658 1754 2691; x_wconf 67' lang='lat' dir='ltr'>Sept.</span> <span class='ocrx_word' id='word_1_445' title='bbox 1774 2659 1889 2691; x_wconf 75' lang='lat' dir='ltr'>scripsit.</span> 
     </span>
     <span class='ocr_line' id='line_1_52' title="bbox 242 2701 1888 2737; baseline -0.002 -8"><span class='ocrx_word' id='word_1_446' title='bbox 242 2705 262 2735; x_wconf 87' lang='lat'>⁴)</span> <span class='ocrx_word' id='word_1_447' title='bbox 281 2704 339 2729; x_wconf 74' lang='lat' dir='ltr'>Ass.</span> <span class='ocrx_word' id='word_1_448' title='bbox 358 2712 423 2729; x_wconf 73' lang='grc' dir='ltr'>αηη.</span> <span class='ocrx_word' id='word_1_449' title='bbox 443 2704 512 2729; x_wconf 75' lang='lat' dir='ltr'>hunc</span> <span class='ocrx_word' id='word_1_450' title='bbox 537 2707 626 2729; x_wconf 72' lang='lat' dir='ltr'>nolum</span> <span class='ocrx_word' id='word_1_451' title='bbox 652 2709 687 2730; x_wconf 67' lang='lat'>12¹.</span> <span class='ocrx_word' id='word_1_452' title='bbox 711 2705 763 2730; x_wconf 72' lang='lat' dir='ltr'>(m.</span> <span class='ocrx_word' id='word_1_453' title='bbox 790 2703 904 2729; x_wconf 69' lang='lat' dir='ltr'>addida.</span> <span class='ocrx_word' id='word_1_454' title='bbox 1013 2706 1032 2735; x_wconf 80' lang='lat'>⁶)</span> <span class='ocrx_word' id='word_1_455' title='bbox 1056 2704 1113 2729; x_wconf 70' lang='lat' dir='ltr'>Ass.</span> <span class='ocrx_word' id='word_1_456' title='bbox 1134 2704 1240 2729; x_wconf 61' lang='lat' dir='ltr'>annin:</span> <span class='ocrx_word' id='word_1_457' title='bbox 1266 2702 1408 2737; x_wconf 77' lang='lat' dir='ltr'>Depositio</span> <span class='ocrx_word' id='word_1_458' title='bbox 1433 2701 1536 2728; x_wconf 74' lang='lat' dir='ltr'>domini</span> <span class='ocrx_word' id='word_1_459' title='bbox 1562 2701 1706 2727; x_wconf 75' lang='lat' dir='ltr'>Adalberti</span> <span class='ocrx_word' id='word_1_460' title='bbox 1733 2701 1888 2727; x_wconf 51' lang='lat' dir='ltr'>fundatoris</span> 
     </span>
    </p>
   </div>
   <div class='ocr_carea' id='block_1_13' title="bbox 240 2743 1887 2823">
    <p class='ocr_par' dir='ltr' id='par_1_22' title="bbox 240 2743 1887 2823">
     <span class='ocr_line' id='line_1_53' title="bbox 240 2743 1887 2781; baseline -0.001 -10"><span class='ocrx_word' id='word_1_461' title='bbox 240 2749 267 2772; x_wconf 76' lang='lat' dir='ltr'>et</span> <span class='ocrx_word' id='word_1_462' title='bbox 297 2747 375 2780; x_wconf 85' lang='lat' dir='ltr'>primi</span> <span class='ocrx_word' id='word_1_463' title='bbox 406 2747 486 2772; x_wconf 80' lang='lat' dir='ltr'>liuius</span> <span class='ocrx_word' id='word_1_464' title='bbox 506 2747 664 2773; x_wconf 82' lang='lat' dir='ltr'>monasterii</span> <span class='ocrx_word' id='word_1_465' title='bbox 685 2747 809 2779; x_wconf 72' lang='lat' dir='ltr'>abbatis,</span> <span class='ocrx_word' id='word_1_466' title='bbox 836 2747 927 2773; x_wconf 83' lang='lat' dir='ltr'>anniv.</span> <span class='ocrx_word' id='word_1_467' title='bbox 954 2747 1065 2773; x_wconf 75' lang='lat' dir='ltr'>solenne</span> <span class='ocrx_word' id='word_1_468' title='bbox 1092 2757 1153 2773; x_wconf 82' lang='lat' dir='ltr'>cum</span> <span class='ocrx_word' id='word_1_469' title='bbox 1179 2747 1283 2781; x_wconf 83' lang='lat' dir='ltr'>vigiliis</span> <span class='ocrx_word' id='word_1_470' title='bbox 1310 2755 1407 2772; x_wconf 79' lang='lat' dir='ltr'>novem</span> <span class='ocrx_word' id='word_1_471' title='bbox 1428 2745 1578 2771; x_wconf 78' lang='lat' dir='ltr'>leceionum</span> <span class='ocrx_word' id='word_1_472' title='bbox 1599 2746 1627 2770; x_wconf 76' lang='lat' dir='ltr'>et</span> <span class='ocrx_word' id='word_1_473' title='bbox 1651 2744 1735 2770; x_wconf 72' lang='lat' dir='ltr'>missa</span> <span class='ocrx_word' id='word_1_474' title='bbox 1759 2743 1887 2776; x_wconf 76' lang='lat' dir='ltr'>cantatis,</span> 
     </span>
     <span class='ocr_line' id='line_1_54' title="bbox 240 2788 1594 2823; baseline -0.001 -9"><span class='ocrx_word' id='word_1_475' title='bbox 240 2792 267 2815; x_wconf 76' lang='lat' dir='ltr'>et</span> <span class='ocrx_word' id='word_1_476' title='bbox 287 2789 380 2822; x_wconf 78' lang='lat' dir='ltr'>agitur</span> <span class='ocrx_word' id='word_1_477' title='bbox 400 2799 448 2822; x_wconf 76' lang='lat' dir='ltr'>pro</span> <span class='ocrx_word' id='word_1_478' title='bbox 468 2791 601 2816; x_wconf 72' lang='lat' dir='ltr'>ainbobus</span> <span class='ocrx_word' id='word_1_479' title='bbox 620 2794 664 2823; x_wconf 67' lang='lat' dir='ltr'>(sev</span> <span class='ocrx_word' id='word_1_480' title='bbox 685 2790 887 2822; x_wconf 59' lang='lat' dir='ltr'>fundutmilius)</span> <span class='ocrx_word' id='word_1_481' title='bbox 906 2790 985 2815; x_wconf 82' lang='lat' dir='ltr'>simul</span> <span class='ocrx_word' id='word_1_482' title='bbox 1008 2799 1068 2815; x_wconf 72' lang='lat' dir='ltr'>cum</span> <span class='ocrx_word' id='word_1_483' title='bbox 1089 2790 1207 2816; x_wconf 73' lang='lat' dir='ltr'>eolleeta</span> <span class='ocrx_word' id='word_1_484' title='bbox 1231 2789 1403 2823; x_wconf 61' lang='lat' dir='ltr'>„Propiciate</span> <span class='ocrx_word' id='word_1_485' title='bbox 1424 2788 1594 2822; x_wconf 44' lang='lat' dir='ltr'>pluraliter&amp;</span> 
     </span>
    </p>
   </div>
  </div>
 </body>
</html>
