2085 2999
212 116 274 144 208

282 215 313 240 V.
327 214 383 240 kal.

268 266 313 292 IV.
327 265 383 291 kal.

269 418 315 444 III.
330 417 385 443 kal.

281 521 314 547 11.
328 520 384 546 kal.

325 811 381 838 kal.

264 915 310 940 IV.
326 923 388 941 non.

272 1061 319 1087 III.
333 1070 395 1087 non.

281 1165 314 1190 ΙΙ.
330 1172 391 1190 non.

328 1328 390 1346 non.

241 1372 316 1397 VIII.
331 1371 366 1397 id.

261 1520 318 1547 vn.
332 1519 367 1545 id.

269 1668 316 1693 VI.
330 1667 368 1694 id.

268 1918 314 1944 IV.
329 1917 367 1943 id.

268 2073 315 2098 ΙΙΙ.
330 2071 366 2097 id.

284 2176 318 2201 II.
332 2175 368 2200 id.

332 2329 367 2354 id.

216 2432 317 2458 XVIII.
332 2432 387 2458 kal.

229 2526 315 2552 XVII.
329 2526 384 2552 kal.

428 214 468 239 28.

429 265 469 291 29.

430 417 471 443 30.

430 520 470 546 31.

432 1917 470 1943 10.

431 2072 470 2098 11.

433 2175 472 2201 12.

434 2432 473 2457 14.

433 2527 471 2552 15.

684 107 949 135 NECROLOGIUM
968 103 1391 133 WEIHENSTEPHANENSE.

515 203 710 245 Sigevardus
735 202 809 235 abb.
855 201 1020 239 Albertus,
1044 201 1228 242 Rudigerus
1250 201 1282 232 li.

516 254 706 296 Goppoldus
735 255 831 295 prior.
867 253 1045 293 Geminus,
1070 253 1279 284 Williboldus
1306 253 1372 294 pbi.
1402 257 1434 284 et
1464 264 1505 284 m.
1534 264 1564 284 n.
1595 264 1643 295 cg.
1694 253 1867 285 Hainricus

573 316 619 337 cv.
652 316 681 336 n.
719 315 767 346 cg.
825 304 1007 345 Stephanus
1041 314 1136 345 papa.
1194 303 1305 335 Aerbo
1338 305 1357 335 1.
1399 304 1560 336 Wilbrieh
1595 306 1635 336 la.
1694 304 1867 348 [Geroldus

571 357 786 398 Frisingensis
811 356 948 387 ecclesie
972 366 1039 396 eps.
1084 355 1233 386 Alheidis
1257 354 1429 398 priorissa]

516 407 703 439 Rfithardus
727 408 801 439 abb.
841 407 996 438 Albertus
1024 407 1093 448 pbr.
1124 410 1157 438 et
1185 418 1226 438 m.
1267 406 1427 438 Geroldus
1451 407 1470 438 1.
1520 407 1593 450 [Ob.
1613 409 1799 440 Willibirch
1826 409 1866 440 la.

572 463 677 491 mater
700 458 881 501 Rudigeri.]

518 511 594 542 Otto
620 522 666 542 cv.
691 523 720 542 n.
746 522 793 552 eg.
837 511 959 542 Perhta
985 521 1031 542 cv.
1055 522 1084 541 n.
1111 521 1159 552 cg.
1205 510 1426 541 Erchinfridus
1449 511 1485 551 L,
1515 512 1569 553 qui
1596 511 1744 553 predium
1768 513 1867 544 dedit.

577 562 664 605 [Chr.
688 563 796 594 Faber
819 562 839 593 l.
865 562 904 593 de
936 561 1086 603 PerCha]
1133 570 1304 603 [Hartungus
1327 579 1405 604 ppos.
1426 571 1455 596 in
1474 570 1561 597 Gries.
1591 571 1733 598 Dorothea
1752 572 1868 598 Prfintin

574 613 722 647 monialis]

937 728 1141 764 APRILIS.

515 802 677 834 christina
702 813 747 833 cv.
796 802 972 836 Ortwinus.
1005 802 1160 833 Albertus
1193 803 1258 844 pr.
1289 806 1321 834 et
1352 815 1393 834 m.
1422 804 1571 846 Meingoz
1594 805 1614 836 1.
1661 804 1733 848 [Ob.
1752 805 1809 837 Ch.
1836 809 1869 837 et

574 854 766 885 Adelheidis
789 865 872 885 uxor
896 865 953 885 sua
977 854 1017 885 de
1043 853 1300 887 Gunczelhoven.
1348 856 1409 887 Ob.
1433 856 1509 887 Otto
1533 857 1603 897 pbr.
1629 860 1661 888 et
1683 869 1724 888 m.
1749 868 1778 888 n.
1804 856 1865 899 cg]

514 906 685 947 Ger-ungue
716 906 785 947 pbr.
818 910 850 937 et
879 917 919 937 m.
945 917 974 936 n.
1005 917 1053 947 cg.
1107 906 1296 938 Herrandus
1329 907 1410 938 diac.
1436 907 1553 939 Sancte
1577 908 1690 940 Marie.
1736 909 1868 949 ffichilt,

574 958 661 988 Iutta
693 957 712 988 1.
762 957 897 1000 [Perhta
927 958 1075 988 monialis
1105 969 1133 989 n.
1160 969 1209 999 cg.
1255 958 1315 990 Ob.
1340 959 1512 990 Heinricus
1535 960 1605 1001 pbr.
1631 964 1663 991 et
1686 972 1726 991 m.
1751 972 1780 991 n.
1806 960 1867 1003 eg.]

577 1008 757 1042 [NVilhalmus
776 1009 838 1034 abb.
860 1008 966 1042 Caspar
984 1009 1060 1042 abb.]

519 1052 643 1083 Hiltrut
659 1063 719 1083 sor.
759 1052 920 1088 Isinricus,
944 1052 1149 1093 Engilmarus
1164 1053 1184 1083 l.
1219 1052 1420 1095 [Uischalcus
1436 1053 1528 1085 miles
1545 1054 1585 1085 de
1602 1054 1867 1086 Pertershausen.

574 1103 736 1135 Dietricus
760 1104 829 1145 pbr.
856 1107 888 1134 et
910 1115 951 1134 m.
991 1104 1174 1145 Hainric-us,
1198 1105 1394 1136 Perhtoldus
1418 1104 1495 1148 pbi.]

515 1155 669 1186 Albertus
693 1166 761 1186 can.
788 1155 896 1186 Sancti
909 1155 986 1186 Viti.
1022 1155 1231 1187 Eberhardus
1249 1167 1307 1196 cv.‚
1332 1157 1385 1198 qui
1409 1157 1557 1198 predium
1575 1157 1672 1188 dedit.
1708 1158 1830 1190 Albero
1847 1159 1867 1189 1.

576 1206 759 1250 [Heinrieus
788 1207 857 1248 pbr.
888 1211 920 1238 et
948 1218 988 1238 m.
1020 1207 1129 1238 Sancti
1146 1207 1223 1238 Viti.
1277 1208 1422 1239 Ortolfus
1456 1209 1531 1241 abb.
1560 1208 1668 1240 Sancti
1698 1209 1869 1240 Benedicti

573 1259 605 1289 in
629 1259 747 1298 Peurn,
773 1258 872 1289 confr.
896 1269 925 1289 n.
952 1257 1016 1300 ob.]

514 1310 675 1341 Gel'oldus
698 1322 728 1341 n.
754 1321 802 1351 Cg·
828 1321 874 1341 CV·
920 1310 1043 1341 Pffl'hta
1067 1311 1087 1342 Ῑ-
1140 1319 1261 1352 [Ulricus
1281 1320 1344 1345 abb.
1381 1319 1530 1346 Hainricus
1548 1320 1624 1354 prior
1642 1321 1702 1355 pbr.
1721 1323 1748 1347 et
1769 1320 1814 1354 m.]

515 1362 669 1403 Nitgerus
698 1372 764 1403 eps.
793 1362 1016 1403 Frisingensis.
1070 1362 1181 1393 Aerbo
1213 1362 1371 1404 archieps.
1425 1362 1640 1395 Gebehardus
1670 1365 1740 1406 pbr.
1770 1369 1802 1396 et
1825 1376 1866 1396 m.

574 1425 603 1444 n.
634 1424 682 1455 cg.
740 1413 886 1444 Leukart
913 1424 953 1444 m.
979 1425 1008 1444 n.
1034 1424 1081 1455 eg.
1140 1413 1278 1456 [Ulricus
1302 1415 1371 1455 pbr.
1397 1418 1429 1445 et
1452 1426 1493 1446 m.
1517 1415 1610 1447 Nove
1635 1415 1749 1458 Celle.]
1807 1425 1868 1459 [0b,

574 1465 711 1491 Iohannes
731 1464 798 1490 Lust
817 1464 875 1490 dec.
895 1464 990 1490 Sancti
1006 1464 1065 1490 Viti
1086 1473 1157 1491 anno
1177 1465 1281 1490 domini
1301 1467 1353 1492 etc.
1373 1466 1426 1499 40.]

516 1509 660 1549 Altfimss)
685 1509 759 1540 abb.
784 1520 814 1539 n.
839 1519 889 1550 eg.
925 1509 1134 1540 williboldus
1158 1520 1204 1540 cv.
1229 1520 1257 1540 n.
1277 1520 1325 1550 cg.
1364 1509 1497 1550 Perhta,
1520 1510 1592 1541 Ava
1609 1511 1629 1542 l.
1670 1510 1805 1552 [Perhta
1827 1512 1867 1543 la.

573 1564 678 1592 mater
702 1561 822 1591 domini
848 1559 1010 1591 Chfinradi
1039 1561 1180 1591 custodis
1210 1560 1250 1592 de
1267 1560 1467 1603 Vettingen.]
1519 1569 1697 1602 [Wilhelmus
1717 1571 1789 1598 Tacz
1807 1572 1867 1606 pbr.

576 1616 602 1641 et
624 1623 683 1640 can.
704 1614 817 1640 maioris
838 1614 973 1646 ecclesie]

516 1658 721 1689 Hermannus
754 1657 828 1688 abb.
880 1650 1068 1689 Olsehalcus
1093 1657 1179 1698 pbr.,
1215 1657 1268 1698 qui
1299 1657 1446 1698 predium
1485 1657 1583 1688 dedit.
1634 1658 1735 1690 Gisila
1766 1669 1867 1690 coma.

575 1709 733 1740 Richkart
755 1709 776 1740 1.
823 1699 959 1751 [ῦῙΓίΟΠΒ
988 1708 1007 1738 l.
1033 1708 1121 1749 Spitz
1154 1708 1218 1750 ob.]
1262 1716 1322 1749 [Ob.
1348 1715 1475 1742 dominus
1494 1716 1668 1744 Eberhardus
1692 1718 1756 1744 abb.
1781 1728 1806 1744 11.
1826 1728 1868 1753 cg.

576 1769 647 1786 anno
668 1763 719 1786 ete.
741 1760 814 1786 1448.
834 1760 939 1793 primus
960 1759 1102 1789 infulatus,
1123 1759 1182 1792 ipse
1203 1759 1307 1792 incepit
1329 1759 1574 1793 reformacionem]

515 1804 686 1835 Hainricus
716 1804 785 1845 pbr.
819 1808 851 1834 et
882 1815 923 1834 m.
948 1814 977 1834 n.
1003 1814 1051 1844 cg.
1106 1803 1268 1834 Arnoldus
1299 1803 1379 1833 diac.
1410 1806 1442 1833 et
1470 1814 1512 1834 m.
1536 1814 1565 1834 n.
1591 1814 1638 1845 cg.
1692 1804 1804 1836 Alheit
1826 1815 1867 1836 m.

579 1855 764 1886 Guntherus
788 1855 861 1886 abb.
908 1855 1000 1885 Pabo
1025 1855 1094 1896 pbr.
1121 1858 1153 1885 et
1176 1865 1217 1885 ni.

518 1907 708 1939 Chunradus
738 1907 894 1948 archieps.
945 1906 1140 1937 Pcrhtoldus
1164 1906 1198 1943 1.,
1235 1907 1289 1947 qui
1313 1906 1459 1947 predium
1496 1906 1594 1938 dedit.
1641 1907 1825 1938 Fridericus
1848 1907 1867 1939 1.

576 1958 797 2001 [Eberhardus
814 1959 832 1990 1.
852 1959 913 1992 ob..
938 1959 1037 1989 frater
1054 1958 1174 1989 domini
1191 1957 1334 1989 Geroldi.
1374 1958 1434 1989 Ob.
1452 1958 1578 1989 Ulricus
1595 1959 1614 1990 l.
1632 1959 1732 1990 frater
1748 1959 1869 1990 domini

577 2010 726 2053 Ottonis.]

516 2062 645 2103 Raporo
670 2063 739 2103 pbr.
764 2066 797 2093 et
820 2073 861 2093 m.
886 2073 914 2093 n.
938 2073 986 2103 cg.
1026 2061 1244 2093 starchandus
1261 2072 1307 2092 cv.
1325 2073 1354 2092 n.
1373 2072 1420 2102 cg.
1466 2062 1547 2092 Ava.
1578 2061 1685 2092 Wirat
1700 2073 1741 2093 m.
1760 2062 1869 2094 Sancti

578 2114 677 2145 Petri.
718 2122 917 2155 [Stentzeslaus
937 2122 988 2155 cv.]

518 2166 710 2205 Leutherus,
735 2165 929 2196 Perhtoldus
952 2176 992 2196 ni.
1016 2176 1045 2196 n.
1064 2176 1112 2206 og.
1147 2165 1321 2196 NVerinher
1338 2175 1384 2195 cv.
1402 2175 1431 2196 n.
1450 2175 1498 2205 cg.
1543 2163 1707 2206 Rfipertus
1724 2165 1867 2196 subdiac.

580 2216 782 2259 [Chfinradus
811 2217 830 2247 l.
860 2227 900 2247 ex
932 2217 1055 2247 nostris.
1100 2215 1160 2247 Ob.
1190 2216 1301 2247 Alheit
1330 2216 1349 2247 l.
1381 2216 1420 2247 de
1452 2216 1650 2247 Petenbach.
1698 2216 1759 2247 Ob.
1793 2216 1867 2258 Sig-

579 2269 718 2299 chardus
742 2268 760 2298 l.
786 2267 934 2310 dapifera]

450 2328 473 2354 ἢ,
519 2320 738 2351 Berinhardus
766 2331 812 2351 cv.
842 2331 871 2350 n.
902 2331 950 2361 cg.
997 2319 1118 2350 Bcrhta
1142 2330 1188 2349 cv.
1240 2319 1412 2350 Hainricus
1443 2319 1462 2349 l.
1515 2318 1587 2362 [Ob.
1611 2318 1820 2350 Eberhardus
1848 2319 1868 2349 l.

577 2372 699 2402 Haflka
723 2371 755 2414 1.]

518 2423 692 2454 Reimboto
723 2423 796 2453 abb.
825 2434 853 2453 n.
885 2434 933 2463 cg.
976 2422 1149 2453 NVcrinher
1178 2433 1224 2453 cv.
1249 2434 1278 2453 n.
1304 2433 1351 2463 cg.
1398 2421 1552 2452 Albertus
1574 2421 1594 2452 1.
1641 2420 1867 2464 [Haeinricus.]

579 2474 725 2507 [Iohannes
745 2474 808 2500 abb.
828 2474 931 2499 Montis
951 2473 1039 2499 sanc-ti
1059 2473 1180 2507 Georgii.
1218 2473 1354 2499 lohannes
1373 2473 1436 2499 abb.
1456 2473 1484 2498 in
1505 2472 1619 2505 Sewen]

518 2518 594 2548 Otto
619 2529 660 2548 m.
687 2522 718 2548 et
742 2528 789 2548 cv.
814 2529 842 2548 n.
868 2528 917 2558 cg.
955 2517 1163 2548 Eberhardus
1187 2517 1344 2557 archieps.
1369 2516 1540 2547 Hainrieus
1563 2517 1583 2547 l.
1609 2516 1699 2547 dedit
1722 2515 1869 2557 predium

579 2569 619 2600 de
644 2570 725 2600 Iorc.

322 2742 345 2772 εΑ)
366 2742 402 2766 B:
422 2743 488 2767 Alto.
