2085 2999
461 147 727 174 NECROLOGIUM
746 147 972 173 MONASTERII
991 147 1016 173 S.
1036 147 1266 173 EMMERAMMI
1285 145 1579 172 RATISBONENSIS.
1780 147 1841 178 313

264 251 366 278 Vkal,
412 251 452 277 27.
499 242 732 285 [Diotfridus
765 242 846 273 abb.
883 241 928 272 de
965 241 1106 272 Sancto
1142 240 1348 282 Stephano.
1406 241 1524 272 Imma
1551 252 1593 272 m.
1623 241 1677 272 ob.
1722 240 1840 272 Eber-

556 294 697 325 hardus
721 294 798 335 pbr.
825 296 863 324 et
885 303 927 323 m.
945 293 1033 323 cler.
1070 292 1245 323 Sebureh
1268 304 1297 323 n.
1314 303 1365 334 eg.
1384 292 1447 335 ew]
1483 301 1532 327 Ob,
1552 300 1729 326 Hainrieusl.
1749 301 1841 327 dictus

559 345 750 371 Neunmarter.
783 343 921 370 Fridrious
940 343 1033 370 Lobel.
1070 343 1194 369 Heinriei
1214 343 1335 375 senioris,
1356 344 1522 370 infirmarius
1542 344 1635 370 servit.

249 398 365 424 lv,ka1,
410 397 450 423 28,
495 388 703 430 Megingoz
737 399 812 429 eps.
864 387 1008 429 [Buobo
1043 387 1121 428 pbr.
1156 390 1192 418 et
1224 398 1265 420 m.
1315 387 1493 418 Gerdrud
1520 387 1574 429 m.]
1620 387 1792 419 Ludwicus
1820 388 1840 419 1.

558 440 642 470 Tuta
656 450 723 470 eva.
760 438 852 479 Gepa
876 438 895 468 l.
935 438 1125 469 Haertwicus
1142 438 1161 468 l.
1198 438 1281 469 Tuta
1298 450 1364 470 cva.
1400 447 1546 473 Heinricus
1556 446 1751 474 Viermffllner.
1771 447 1844 474 ohel.

554 491 639 517 larius
663 489 756 516 servit.

246 543 293 569 III.
308 543 363 569 kal.
409 542 450 569 29.
498 533 734 576 [Berngerus
758 533 842 563 abb.
862 533 905 563 de
922 543 997 564 nra.
1016 532 1100 574 eg.1)
1132 532 1339 563 Heinricus
1355 544 1396 564 m.
1416 533 1459 564 de
1478 532 1616 565 Sancto
1635 533 1841 575 Stephano.

555 585 835 616 Willerammus
851 595 892 615 m.
911 587 948 615 et
964 584 1057 615 diac.
1090 584 1259 615 Heilwib
1278 595 1410 616 nonna.
1443 584 1542 616 Gezo
1560 596 1601 616 m.
1631 585 1759 616 Iudita
1776 596 1841 616 ma.

554 637 774 668 Heinricus
798 635 854 666 ob.
879 635 964 678 sac]
998 635 1206 666 Eberhardus
1223 636 1304 667 diac.
1330 640 1362 667 et
1377 647 1419 669 m.
1437 637 1603 678 Tegrinse.
1642 637 1805 668 Adelheid
1822 637 1841 668 l.

554 688 687 719 Pachen
706 712 711 718 .
730 712 736 718 .
756 713 761 718 .
808 695 936 721 Perhtolt
956 695 1095 721 Laeubeler
1113 696 1142 721 et
1162 695 1283 722 Maehtilt
1302 704 1370 722 uxor
1389 695 1456 726 eius,
1476 695 1644 722 infirmarius
1662 697 1756 723 servit.

262 749 295 775 Π,
309 749 365 775 kal,
409 748 450 775 30.
497 739 771 782 [Gotahelmus
794 750 835 770 m.
854 743 892 770 et
910 739 1006 770 diac.
1025 739 1069 769 de
1086 738 1116 769 S.
1134 739 1358 770 Benedioto.
1391 739 1562 771 Riehlini
1578 752 1619 772 m.
1656 740 1786 772 Gisala
1802 751 1844 772 m.

556 790 841 832 Meginhardus
874 790 953 831 pbr.
985 792 1022 820 et
1051 789 1105 831 [τι]
1161 789 1339 831 Sigibotoa)
1370 791 1512 822 subdiac.
1546 795 1578 822 et
1606 803 1647 824 m.
1678 792 1844 834 Tegrinse.

553 842 719 874 Ditmarus
744 841 922 883 Ohraz<er).

940 930 1099 965 MAIUS.

308 1006 364 1033 kal,
428 1006 449 1032 1,
494 997 725 1028 Friderious
754 997 949 1038 archieps
999 996 1153 1027 Alawih
1184 996 1281 1027 diac.
1308 1000 1347 1028 et
1369 1007 1411 1028 m.
1461 996 1739 1039 Reginpertus
1762 999 1842 1040 pbr.

556 1053 594 1080 et
622 1060 663 1080 m.
713 1049 919 1090 Hiltigrim
950 1048 1028 1089 pbr.
1078 1048 1253 1079 Hbzman
1283 1048 1365 1089 pbr.
1391 1052 1430 1080 et
1453 1060 1494 1080 m.
1542 1049 1781 1091 [Chunigunt
1803 1062 1843 1081 m.

554 1101 799 1132 Adalbertus
822 1100 900 1141 pbr.
927 1103 963 1131 et
986 1111 1093 1141 ppos.
1120 1100 1166 1131 de
1201 1099 1231 1131 S.
1256 1100 1389 1131 Petro.
1438 1100 1688 1132 Adalbertus
1715 1113 1756 1133 m.
1787 1103 1844 1134 ob.

554 1152 600 1183 de
625 1152 799 1183 Castello
828 1163 852 1184 s.
876 1152 998 1183 Petri.
1046 1151 1176 1183 Ebezo
1200 1152 1220 1182 l.
1246 1152 1301 1183 ob.
1338 1151 1507 1193 sigefrit
1536 1164 1577 1184 In.
1636 1154 1771 1185 Aerbo
1802 1165 1843 1186 m.

552 1215 582 1235 n.
608 1215 659 1245 cg.
694 1204 960 1235 Wernhardus
985 1214 1035 1234 cv.
1059 1215 1088 1234 n.
1114 1204 1178 1245 ος]
1223 1203 1338 1245 Poppo
1363 1204 1383 1234 l.
1421 1203 1654 1236 Wiehmannus
1673 1205 1692 1237 l.
1740 1214 1845 1241 Chun.

554 1255 655 1281 radus
678 1264 712 1280 111.
732 1264 757 1280 n.
778 1264 825 1289 eg.
867 1255 1031 1281 Chunradus
1055 1255 1236 1285 monetarius.
1260 1255 1411 1281 obellarius
1430 1256 1523 1282 servit.

243 1307 367 1333 VLnon,
421 1306 445 1333 2,
490 1298 727 1330 Wintherus
756 1298 843 1329 abb.
890 1298 1089 1340 Egilolfus
1121 1298 1203 1339 pbr.
1236 1302 1274 1329 et
1303 1310 1344 1330 m.
1393 1298 1540 1341 [Ymmo
1565 1299 1644 1340 pbr.
1670 1304 1710 1331 et
1732 1312 1773 1332 m.
1799 1301 1844 1333 de

554 1350 710 1381 Altaha.
745 1350 901 1381 Altman
926 1350 1003 1392 pbr.
1030 1354 1067 1382 et
1090 1361 1131 1381 m.
1157 1351 1201 1382 de
1225 1350 1310 1382 Man
1322 1350 1434 1392 ense.]
1471 1351 1600 1392 Rapoto
1617 1352 1636 1382 l.
1660 1352 1842 1384 Heinrieus.

555 1401 721 1428 Ernestus
741 1401 815 1428 abb.
835 1402 872 1427 de
892 1401 1143 1435 Pruveningen.
1180 1402 1348 1435 Iremga1dis
1367 1403 1393 1433 l.,
1412 1411 1463 1429 sor.
1483 1412 1548 1434 nra..
1568 1404 1645 1430 dicta
1664 1403 1816 1430 Vorbureh.

261 1454 368 1481 V.non.
423 1454 445 1481 3,
493 1436 568 1479 &ta
592 1455 727 1476 nonna.
767 1445 964 1476 Liutkart
986 1456 1028 1476 m.
1066 1444 1252 1486 Ellinger
1275 1445 1354 1486 pbr.
1381 1448 1417 1477 et
1440 1457 1482 1478 m.
1528 1446 1708 1479 Ruotrud
1732 1448 1841 1480 abba.

551 1497 631 1528 NiZO
656 1497 674 1528 1.
710 1497 915 1527 Liebhardus
939 1496 958 1527 l.
998 1504 1164 1531 Geroldus
1184 1514 1219 1530 m,
1239 1513 1265 1530 n,
1286 1514 1330 1538 cg.

247 1557 368 1584 1V,12012.
422 1558 446 1583 4,
491 1549 671 1580 Iskarius
695 1549 781 1580 abb.
807 1549 853 1579 de
879 1548 908 1579 S.
929 1548 1105 1584 Quirino.
1153 1547 1377 1590 Chunigunt
1399 1560 1533 1581 nonna.
1581 1550 1779 1592 [Liutkart
1801 1564 1843 1584 m.

553 1600 761 1642 Hiltigunt
791 1599 852 1642 ov.]
907 1599 1015 1641 Sigeh.
1045 1610 1091 1631 ev.
1125 1611 1155 1631 n.
1187 1611 1234 1641 eg.
1283 1600 1470 1631 Dietmarus
1499 1612 1544 1632 cv.
1578 1613 1606 1633 n.
1639 1613 1687 1644 cg.
1737 1604 1843 1636 Wolf-

552 1663 693 1683 rammus
716 1662 796 1693 puer
819 1652 859 1683 de
884 1652 1028 1693 Elwang.
1062 1652 1199 1693 Agnetis
1222 1651 1274 1687 la..
1297 1652 1362 1683 filia
1386 1652 1529 1684 Gozwini
1552 1653 1589 1684 In
1612 1654 1739 1696 F01-0.2)

247 1714 370 1740 111.n0n.
424 1713 448 1739 5,
494 1703 672 1747 [Ezaman
703 1715 745 1734 m.
803 1703 1060 1734 Eberhardus
1093 1703 1304 1734 Oitizensis
1338 1714 1413 1745 eps.
1470 1704 1692 1737 Bernoldus
1726 1718 1776 1739 ov.
1814 1719 1842 1739 n.

555 1755 663 1796 Gepa
692 1766 733 1786 m.
766 1755 824 1786 ob.
947 1755 1069 1794 eom.³)
1120 1754 1251 1785 Ernist
1283 1755 1302 1786 1.
1333 1755 1432 1797 οὔῆ]
1489 1764 1635 1791 Ekkardus
1659 1767 1733 1800 pleb.
1758 1777 1783 1794 n.
1808 1769 1843 1794 ad

554 1807 686 1832 Sanctum
705 1806 944 1832 Emmerammum.
980 1806 1149 1832 Wernherus
1171 1806 1264 1839 Lamp.
1285 1815 1362 1839 ppos.
1383 1807 1415 1832 de
1438 1810 1522 1840 ponte
1542 1808 1636 1834 servit.

261 1860 370 1886 nnon,
424 1860 448 1887 6,
493 1850 778 1881 Erohanfridus
801 1850 975 1880 subdiac
1003 1854 1041 1880 et
1064 1861 1105 1880 m.
1130 1861 1158 1880 n.
1204 1849 1493 1892 Herirandusb)
1518 1851 1602 1882 abb.
1628 1852 1674 1883 de
1698 1853 1843 1886 Sancto

554 1902 726 1938 Quirino.
761 1901 986 1942 Sigihardus
1004 1912 1095 1932 com.
1129 1901 1360 1942 Liutpoldus
1378 1913 1466 1934 com.
1492 1902 1733 1944 [wolvoldus
1750 1906 1769 1936 1.
1787 1907 1840 1938 ob.

554 1953 799 1991 Chunradus.
824 1953 1059 1994 Rudegerus
1074 1964 1103 1984 n.
1123 1964 1174 1994 eg.
1193 1954 1307 1994 pueri
1331 1955 1546 1996 combusti]
1581 1955 1786 1997 Meginswint
1802 1958 1842 1990 la.

552 2005 714 2036 Dietricus
738 2016 779 2035 m.
815 2004 1023 2036 Meinhardus
1047 2015 1127 2035 com.
1154 2005 1193 2035 de
1218 2005 1456 2045 Rotenekke.⁵)

305 2074 368 2093 non.
424 2066 446 2092 7.
493 2057 589 2089 Otto
614 2058 839 2098 imperator
863 2056 1048 2098 [magnus.
1082 2057 1273 2087 Volradus
1290 2068 1330 2088 m.
1370 2057 1534 2089 Orendil
1558 2059 1730 2092 subdiac.
1748 2064 1844 2094 etm.

551 2108 716 2140 Heccilo
744 2109 822 2149 pbr.
853 2111 889 2139 et
919 2119 960 2139 m.
993 2108 1036 2139 de
1067 2108 1098 2139 S.
1124 2109 1367 2151 Lantperto.]
1418 2110 1561 2141 Petrissa
1585 2111 1604 2142 1.
1651 2111 1778 2143 Uhicus
1802 2124 1843 2144 m.

552 2160 592 2191 de
627 2160 775 2191 Inferiori
802 2160 930 2192 Altach.
988 2168 1152 2194 Chunradus
1180 2168 1320 2199 Riszehaer,
1349 2169 1513 2196 infirmarius
1542 2171 1635 2197 servit.
1676 2172 1842 2198 Wiohardus

553 2211 627 2246 pleb.
648 2211 787 2238 Inferioris
808 2211 977 2241 Monasterii,
997 2211 1148 2237 obellarius
1167 2211 1260 2238 servit.
1290 2212 1379 2245 [Anno
1399 2212 1502 2238 domini
1519 2213 1585 2239 1434
1604 2214 1647 2242 ob,
1662 2214 1692 2239 fr.
1708 2215 1843 2241 Iohannes

554 2254 645 2281 dictus
659 2254 768 2288 Pergar.
789 2256 886 2280 cantor
905 2256 933 2280 et
952 2263 986 2280 m.
1006 2254 1145 2288 professus
1159 2254 1320 2281 monasterii
1334 2256 1359 2281 S.
1373 2255 1576 2287 Emmerammi,
1596 2257 1699 2283 ordinis
1719 2267 1738 2284 s.
1758 2258 1844 2284 Bene-

552 2297 629 2327 dieti,
650 2297 727 2323 cuius
746 2297 840 2323 anima
859 2297 1016 2330 requiescat
1034 2297 1063 2323 in
1083 2297 1171 2331 paee.]

221 2348 346 2376 VHLjd,
424 2349 448 2376 8,
495 2339 689 2371 Geroldus
713 2341 732 2371 l.
768 2340 1050 2381 [Reginbertus
1074 2341 1154 2382 pbr.
1180 2345 1216 2372 et
1238 2352 1279 2372 m.
1304 2341 1347 2372 fr.
1372 2353 1402 2373 n.
1427 2343 1483 2374 ob.
1521 2342 1800 2374 Heberhardus
1824 2344 1843 2374 l.

553 2392 755 2423 Hadamo't
783 2392 889 2423 abba.
920 2393 966 2423 de
999 2392 1213 2433 Superiora
1245 2393 1505 2425 Monasterio.
1556 2394 1770 2426 Heinricus
1801 2406 1842 2427 m.

555 2455 582 2474 n.
614 2454 666 2485 cg.
697 2444 777 2484 pbr.
826 2443 938 2483 Tuta,
963 2444 1134 2474 Wazzila
1163 2455 1191 2475 n.
1218 2456 1271 2485 eg.
1298 2444 1388 2486 ove]
1438 2446 1609 2477 Heinrieus
1633 2446 1777 2478 subdiac.
1801 2457 1842 2477 m.

554 2506 584 2526 u.
610 2506 625 2526 e
652 2520 657 2526 .

236 2554 346 2580 V11,id.
426 2555 450 2581 9,
496 2506 758 2578 Buobogdiac.
784 2549 821 2577 et
842 2557 884 2577 m.
909 2557 937 2577 n.
978 2546 1245 2578 &otescalcus
1273 2558 1320 2578 ex
1343 2548 1447 2579 laico
1472 2559 1522 2579 cv.
1548 2560 1577 2580 n.
1621 2548 1734 2580 Etich
1757 2549 1843 2581 abb.

556 2598 601 2629 de
625 2597 904 2638 Eberesperoh.
943 2598 1166 2629 Hamedich
1191 2598 1280 2629 cler.
1322 2598 1538 2630 Groteseale
1563 2610 1641 2641 eps.
1675 2600 1845 2631 Brunino

298 2684 320 2715 ³)
344 2685 376 2709 0.·
395 2685 489 2710 siboto.
596 2685 619 2716 b)
642 2685 673 2709 O:
693 2686 863 2710 Hertrandus.

299 2735 318 2767 ¹)
339 2734 361 2760 G
376 2737 494 2760 tantum:
514 2734 668 2769 Perngerus
687 2744 720 2761 m.
740 2744 766 2760 n.
787 2744 828 2769 cg.
919 2737 940 2768 ²)
963 2736 1004 2761 D:
1022 2736 1190 2762 infirmarius
1209 2735 1303 2762 servit.
1394 2738 1414 2768 ³)
1434 2737 1541 2763 Nomen
1559 2737 1658 2763 comitis
1677 2745 1782 2763 erasum
1799 2740 1843 2763 est.

195 2777 215 2809 ⁴)
234 2776 273 2803 13.
287 2785 361 2804 saeC.
469 2779 490 2811 ⁵)
507 2777 548 2803 D:
569 2777 720 2804 obellarius
739 2778 832 2804 servit.

297 2831 376 2855 NEcn.
391 2832 467 2855 Bmx.
482 2831 553 2855 Fms.
567 2832 631 2855 ΕΔΤ.
1605 2833 1639 2859 40
