2085 2999
238 279 286 305 III.
300 279 336 305 id.
401 279 441 305 11.

250 383 284 409 11.
298 382 334 409 id.
399 383 438 409 12.

296 476 333 503 id.
396 476 437 503 13.

180 579 282 605 XVIII.
296 580 352 606 kal.
400 581 438 607 14.

196 629 282 656 XVII.
297 630 352 658 kal.
399 632 439 658 15.

210 783 282 810 XVI.
295 784 351 810 kal.
399 785 438 811 16.

223 878 281 905 XV.
295 878 351 905 kal.
398 879 437 904 17.

209 981 283 1007 XIV.
296 981 352 1007 kal.
399 981 438 1008 18.

206 1075 280 1101 XIII.
295 1075 349 1101 kal.
398 1076 436 1102 19.

217 1126 277 1152 XII.
292 1127 347 1153 kal.
393 1128 432 1154 20.

233 1272 278 1298 XI.
293 1273 348 1299 kal.
395 1273 435 1299 21.

247 1376 278 1401 X.
294 1376 348 1402 kal.
394 1376 435 1402 22.

230 1427 276 1453 IX.
291 1427 348 1455 kal.
393 1428 434 1454 23.

204 1624 278 1650 VIII.
292 1625 348 1651 kal.
393 1626 434 1651 24.

216 1718 275 1744 VII.
289 1718 345 1744 kal.
390 1719 423 1745 25

231 1856 278 1882 VI.
291 1856 347 1882 kal.

248 1907 280 1933 V.
294 1907 350 1933 kal.
395 1907 426 1933 27

232 2095 278 2121 IV.
294 2095 349 2121 kal.
394 2096 434 2121 28.

228 2240 276 2266 III.
293 2240 349 2267 kal.
395 2241 436 2267 29.

242 2292 276 2318 II.
290 2293 345 2319 kal.
392 2293 432 2319 30.

289 2497 344 2523 kal.
409 2499 431 2524 1.

228 2548 277 2575 VI.
292 2558 355 2575 non.
410 2550 433 2575 2.

244 2600 276 2626 V.
290 2609 352 2627 non.
407 2602 430 2627 3.

657 175 922 202 NECROLOGIUM
941 176 1361 202 WEIHENS'PEPHANENSE.
1773 180 1834 210 215

486 271 598 302 Alheit
620 281 662 301 m.
686 282 716 302 n.
742 281 790 312 cg.
825 271 990 302 Gotfridus
1014 272 1083 313 pbr.
1120 271 1254 314 [Perhta
1278 272 1318 302 la.
1358 271 1418 302 Ob.
1443 272 1614 303 Heinricus
1631 273 1699 314 pbr.
1726 273 1835 305 Sancti

547 322 623 353 Viti.

484 321 636 406 Maethilt]
650 385 691 406 m.
716 374 790 416 [Ob.
810 374 999 406 Chunradus
1016 375 1084 416 pbr.
1103 379 1135 406 et
1151 386 1192 408 m.
1209 386 1238 406 n.
1256 386 1315 416 cg,
1340 376 1412 406 abb.
1431 375 1540 407 Sancti
1556 376 1646 418 Viti]
1681 385 1830 419 [Iohannes

543 426 652 451 Welser
670 426 730 459 pbr.
751 427 779 451 et
799 434 858 452 can.
877 426 906 452 in
926 426 1108 460 Understorf]

482 469 680 510 Engilfridus
703 469 773 510 pbr.
799 472 832 500 et
854 480 895 500 m.
941 470 1123 501 Willibirch
1148 470 1243 501 abba.
1286 470 1494 501 Meinhardus
1523 471 1542 501 l.
1569 471 1608 502 de
1633 471 1744 511 Hage,
1780 471 1832 511 qui

542 520 689 560 predium
714 520 812 551 dedit.

484 571 671 612 Isingrimus
694 583 735 602 m.
760 583 789 602 11.
815 583 863 613 cg.
900 571 1081 613 Gotpoldus
1105 584 1146 603 m.
1182 572 1351 604 Gozwinus
1375 573 1394 603 l.

484 613 610 654 sssricus
634 623 703 664 pbr.
730 627 762 654 et
785 635 826 654 m.
851 635 879 654 n.
898 634 946 665 cg.
980 624 1163 656 Fridericus
1187 625 1206 655 l.
1231 626 1392 666 palatinus
1409 636 1489 656 com.
1525 625 1654 666 Rapoto
1678 625 1698 655 1.
1723 624 1833 656 decol-

540 675 639 713 latus,
675 676 728 716 qui
753 675 900 716 predium
930 675 1027 706 dedit.
1069 675 1273 718 [Ludewicus
1299 677 1363 707 dux
1387 677 1548 715 Bawarie,
1584 676 1760 707 advocatus
1792 687 1833 715 n.‚

541 725 685 768 occisus]

483 777 641 808 Fridcrfin
665 789 706 808 m.
731 789 759 808 n.
786 788 833 819 cg.
884 777 1035 820 [Irmgart
1059 778 1077 809 l.
1120 779 1181 809 Ob.
1206 779 1378 810 Hainricus
1403 780 1468 810 dux
1491 777 1616 821 iunior]
1664 787 1833 820 [Stephanus

540 837 618 862 ppos.
637 828 796 854 Novecelle.
836 828 970 855 lohannes
990 829 1065 862 prior
1084 829 1111 855 in
1131 830 1270 864 Superiori
1290 831 1412 864 Altaelr]

483 871 605 902 Albero
636 871 705 912 pbr.
736 871 852 902 Sancte
882 872 994 903 Marie.
1040 873 1150 904 Pecho
1176 873 1194 904 1.
1243 873 1413 915 Fritpurch
1438 874 1478 905 la.
1526 873 1598 917 [Ob.
1623 873 1833 904 Eberhardus

542 923 611 954 dec·
636 924 766 954 nlaioriS
791 923 927 954 60018816
953 924 990 954 fl'-
1015 926 1061 965 l].]
1103 932 1163 966 [ob.
1184 932 1310 959 dominus
1330 933 1445 959 Georius
1464 934 1528 960 abb.
1547 933 1575 959 in
1597 932 1737 966 Castello]

483 974 688 1006 Purchardus
712 975 781 1016 pbr.
800 979 831 1006 et
847 986 888 1006 m.
930 975 1115 1007 Dietniarus
1132 976 1274 1007 subdiac.
1317 975 1522 1018 [Perhtoldus
1538 976 1591 1020 nr]
1631 985 1683 1018 [Fr.
1698 985 1833 1010 lohannes

544 1035 621 1059 ppos.
653 1026 703 1052 Ob.
717 1027 896 1053 Wilhellmus
916 1027 949 1052 de
970 1027 1174 1053 Frawnberkch
1194 1027 1239 1061 pie
1260 1028 1409 1060 memorie.]

483 1068 651 1100 Richolfus
675 1070 748 1100 abb.
788 1070 973 1101 Gerhardus
997 1071 1065 1111 pbr.
1092 1074 1124 1101 et
1147 1082 1188 1102 m.
1223 1071 1373 1102 Macthilt
1396 1082 1437 1102 m.

480 1121 647 1151 Ascwinus
671 1121 739 1162 pbr.
766 1124 798 1152 et
815 1133 854 1152 m.
893 1121 1082 1153 Chfinradus
1100 1123 1118 1153 1.
1148 1122 1232 1153 Hart
1248 1123 1267 1153 l.
1304 1122 1375 1165 [Ob.
1400 1123 1594 1154 Perhtoldus
1618 1133 1685 1153 can.
1703 1122 1833 1153 maioris

540 1172 677 1203 ecclesie
707 1172 943 1215 Frisingensis]
992 1182 1137 1214 [Iohannes
1165 1183 1241 1215 prior
1259 1191 1285 1208 n.
1305 1191 1347 1215 cg.
1380 1182 1558 1208 Leonhardus
1582 1182 1702 1209 Cellerer
1724 1182 1784 1215 pbr.
1804 1183 1832 1207 et

540 1232 598 1249 can.
618 1223 731 1249 maioris
751 1224 875 1250 ecclesie.
905 1225 1040 1250 Iohannes
1061 1224 1205 1258 Lutifiguli
1225 1225 1295 1258 pbr]

481 1265 653 1297 Heinricus
677 1267 745 1307 pbr.
772 1270 804 1297 et
827 1278 867 1298 111.
892 1278 922 1298 11.
947 1278 995 1308 cg.
1031 1268 1236 1299 Hermannus
1261 1269 1329 1309 pbr.
1356 1272 1387 1299 et
1411 1279 1452 1299 m.
1487 1268 1593 1299 Wezil
1617 1268 1635 1298 l.
1675 1267 1787 1310 [Truta
1811 1267 1830 1297 l.

542 1317 675 1348 Alhaeit
698 1318 717 1348 1.
755 1318 945 1349 Chfinradus
969 1319 988 1349 l.
1025 1319 1152 1350 Ulricus
1176 1318 1209 1361 l.]

482 1369 644 1399 Arnoldus
668 1369 880 1410 Frisingensis
905 1381 971 1410 eps.
1009 1370 1085 1401 Otto
1110 1370 1323 1411 Frisingensis
1349 1381 1414 1412 eps.
1455 1371 1616 1401 Ortwinus
1640 1370 1708 1411 pbr.
1735 1373 1766 1400 et
1789 1380 1831 1400 m.

480 1420 659 1451 Benedicta
688 1431 729 1451 m.
772 1421 979 1452 Purchardus
1008 1422 1026 1451 1.
1070 1422 1211 1453 Hemma
1240 1433 1280 1453 m.
1320 1422 1394 1464 [Ob.
1425 1422 1620 1453 Perhtoldus
1644 1421 1684 1452 de
1708 1421 1830 1452 Fraun-

539 1472 649 1512 berck‚
674 1472 714 1502 dc
740 1483 802 1513 quo
828 1472 984 1504 habemus
1009 1473 1139 1514 plenum
1157 1474 1326 1504 servicium
1351 1474 1391 1504 de
1416 1474 1540 1504 duabus
1565 1474 1659 1504 curiis
1676 1473 1830 1514 Winpez-

539 1524 630 1564 zinge
656 1526 688 1554 et
712 1523 877 1564 Inningen.
919 1524 979 1555 Ob.
1005 1524 1176 1555 Hainrious
1201 1536 1269 1555 can.
1290 1525 1420 1556 maioris
1443 1524 1600 1567 ecclesie]
1642 1532 1831 1566 [OIJWVilhel-

539 1583 598 1599 mus
612 1574 692 1600 miles
706 1574 739 1599 (le
754 1574 930 1600 Fraunberch
946 1575 973 1600 in
988 1575 1177 1607 Haidenburk,
1192 1576 1263 1601 filius
1278 1575 1410 1601 Iohannis
1424 1575 1643 1606 Tawbentutteh
1658 1584 1730 1601 nuno
1746 1575 1829 1608 1469]

480 1617 652 1648 Wnezlaus
682 1618 755 1648 abb.
811 1618 934 1649 Adilolt
965 1619 1033 1659 pbr.
1066 1622 1097 1649 Οῒ
1130 1630 1170 1650 m.
1212 1619 1288 1649 Otto
1314 1620 1333 1649 l.
1371 1626 1512 1660 [Dominus
1541 1627 1681 1653 Conradus
1710 1627 1772 1653 abb.
1802 1627 1830 1652 in

537 1668 675 1702 VVerdew]

428 1740 433 1745 ,
479 1711 678 1753 Richpoldus
702 1712 770 1753 pbr.
797 1716 829 1743 ct
845 1723 885 1743 m.
921 1713 1094 1743 Pertoldus
1113 1713 1193 1743 diac.
1213 1716 1244 1744 et
1260 1724 1301 1744 m.
1338 1722 1387 1747 01».
1408 1721 1558 1747 Pffi-doldus
1578 1722 1611 1747 de
1638 1722 1829 1753 Frawubercu

537 1763 569 1788 de
598 1771 651 1796 quo
672 1763 784 1796 plenum
802 1763 950 1789 servicium
969 1764 1002 1789 (le
1023 1763 1160 1797 Sinczing.
1205 1764 1265 1797 [Oh.
1285 1764 1412 1790 dominus
1433 1764 1640 1797 Leonhurdus')
1658 1766 1722 1791 abb.
1742 1774 1766 1790 n.
1787 1774 1828 1799 cg.

539 1805 642 1831 tercius
664 1806 800 1832 infulatus
820 1815 891 1832 anno
913 1806 995 1839 1484.]

394 1857 435 1883 26,
481 1849 683 1890 Gumpoldus
706 1850 774 1890 pbr.
803 1853 834 1880 et
857 1861 897 1880 m.
935 1850 1091 1881 Gerbirch
1116 1849 1210 1881 abba.
1246 1850 1367 1881 Aeribo
1392 1851 1411 1880 l.

430 1927 435 1933 ,
482 1900 559 1930 Atto
576 1900 789 1941 Frisingensis
808 1912 873 1941 eps.
911 1901 1118 1932 Gunthardus
1135 1901 1203 1941 pbr.
1223 1904 1254 1931 et
1271 1912 1311 1932 111.
1347 1900 1479 1932 Diemfit
1496 1902 1514 1932 l.
1541 1901 1762 1944 [Ohfingundis
1779 1927 1785 1934 .
1802 1928 1806 1933 .
1823 1928 1828 1933 .

541 1952 601 1981 Ob.
626 1951 834 1983 Eberhardus
858 1953 892 1991 l..
925 1953 964 1983 de
996 1964 1058 1993 quo
1087 1953 1243 1983 habemus
1270 1952 1488 1995 (ser>vicium.]
1536 1961 1717 1988 Ol),U1ricus
1736 1962 1830 1989 Pictor

539 2002 612 2036 pleb.
633 2003 666 2028 de
680 2003 880 2035 Malershoven,
901 2004 933 2029 de
954 2012 1007 2036 quo
1022 2004 1154 2030 habemus
1174 2003 1320 2029 servicium
1339 2004 1372 2029 de
1386 2004 1590 2031 Malerzhoven.
1619 2005 1730 2038 [Ursula
1743 2005 1830 2039 Span-

538 2045 633 2079 naglin
653 2046 698 2079 la.]

481 2087 706 2129 Chunradus2>
735 2090 891 2130 archieps.
926 2089 1178 2130 Salzburgcnsis
1229 2089 1400 2121 Heinricus
1429 2101 1518 2131 ppos
1552 2090 1659 2122 Sancti
1686 2091 1827 2122 Andree.

538 2140 735 2171 Perhtoldus
766 2141 784 2171 l.
817 2141 978 2180 Greinza).
1031 2141 1166 2182 [Perhta
1198 2141 1238 2172 la.
1289 2141 1448 2172 Rfidolfus
1477 2142 1545 2183 pbr.
1577 2143 1616 2173 de
1647 2141 1827 2185 Ursingen.]

541 2190 591 2216 Ob.
613 2192 773 2225 Margareta
792 2192 827 2218 la.
848 2192 880 2218 (le
895 2192 1020 2226 Vetting.

482 2233 685 2265 Ratmundus
708 2235 781 2266 abb.
818 2235 977 2266 Sibandus
1002 2236 1070 2277 pbr.
1097 2240 1128 2267 et
1152 2247 1192 2266 m.
1229 2235 1437 2266 Eberhardus
1462 2236 1480 2266 l.

478 2285 557 2316 Riza
590 2297 630 2317 m.
663 2298 691 2318 n.
725 2298 772 2328 cg.
819 2288 1000 2318 Fridericus
1030 2288 1099 2328 pbr.
1133 2292 1165 2319 et
1188 2298 1229 2318 m.
1277 2288 1389 2319 Siboto
1414 2288 1433 2318 l.
1483 2287 1555 2330 [Ob.
1581 2288 1696 2319 Hailca
1720 2289 1760 2320 la.
1787 2289 1827 2321 de

539 2337 726 2380 Zollingen.]

883 2426 1118 2462 OCTOBER.

476 2491 709 2521 NVolfiammus
734 2491 806 2522 abb.
846 2492 1000 2523 Her-ricus
1024 2493 1092 2533 pbr.
1128 2492 1237 2523 Bruno
1262 2493 1281 2523 l
1317 2493 1367 2524 It2
1391 2493 1547 2524 monialis.
1584 2501 1695 2535 [symon
1714 2502 1791 2535 abb]

480 2543 642 2573 Arnoldus
666 2543 734 2584 pbr.
761 2546 793 2574 et
816 2554 856 2574 m.
893 2544 1066 2585 Pilgrimus
1091 2545 1109 2574 l.
1146 2545 1305 2585 Irmigar.t

477 2594 593 2624 Hailca
616 2594 862 2625 m.Riche1us
887 2595 1204 2626 diac.Cl1unradus
1228 2596 1248 2626 l.
1295 2595 1370 2637 [Ob.
1396 2596 1508 2627 Witilo
1534 2596 1573 2627 de
1591 2597 1825 2628 Wraunberch.

538 2645 649 2685 Agnes
673 2644 779 2687 abba]
822 2654 1004 2687 [Augustinus
1024 2654 1099 2687 prior
1118 2654 1296 2688 iuWerdea.]

277 2746 300 2777 ³)
321 2747 373 2772 Aut
391 2749 502 2772 Greniz?

280 2798 299 2828 ¹)
319 2797 356 2822 B:
374 2797 552 2824 Leonhardus
571 2798 653 2832 Nagl.
761 2801 781 2831 ²)
802 2800 891 2825 Μαηιι
909 2801 1050 2826 recentiore
1074 2800 1194 2825 additum
1212 2803 1263 2826 est:
1285 2801 1317 2827 II.
