2085 2999
221 122 282 150 214

233 221 321 247 XVII.
335 220 392 248 kal.

246 323 320 349 XVI.
334 323 389 348 kal.

262 375 321 401 XV.
335 374 391 400 kal.

249 469 321 494 XIV.
336 468 392 494 kal.

252 562 327 588 XIII.
341 562 396 588 kal.

265 615 325 640 XII.
339 614 393 640 kal.

275 665 321 691 xl.
335 665 391 691 kal.

289 759 320 785 X.
334 759 392 785 kal.

276 863 321 888 IX.
335 862 391 888 kal.

250 966 322 992 VIII.
339 965 396 991 kal.

262 1018 322 1043 VII.
337 1017 392 1043 kal.

278 1164 323 1189 VI.
338 1164 394 1189 kal.

439 220 478 246 16.

438 322 476 348 17.

439 373 478 399 18.

438 467 477 493 19.

442 561 483 587 20.

440 614 482 640 21.

438 664 478 690 22.

437 759 477 784 23.

437 862 477 889 24.

694 114 960 141 NECROLOGIUM
979 113 1402 140 WEIHENSTEPHANENSE.

528 210 714 241 Gerhardus
737 221 778 240 m.
828 208 1022 251 [Fridericus
1053 219 1120 239 can.
1150 208 1281 239 maioris
1305 208 1450 240 ecclesie.
1499 208 1649 239 Adilheit
1675 208 1715 239 la.
1767 207 1875 239 Chfin-

585 262 681 292 radus
705 261 736 300 l.,
760 264 853 302 pater
878 261 999 291 domini
1023 259 1209 302 He1·b0rdi.]

522 313 743 344 Hartmannus
767 322 812 342 ev.
837 322 866 342 n.
893 322 940 352 cg.
977 311 1090 342 Alheit
1112 322 1153 342 m.
1189 311 1349 341 Wilbirch
1372 321 1487 342 nonna.

524 364 679 395 Albertus
702 364 771 405 pbr.
798 367 830 394 et
852 374 893 394 m.
938 362 1014 394 Otto
1039 363 1200 404 palatinus
1224 373 1305 393 eom.
1330 363 1443 394 iunior.
1480 371 1614 404 [Barbara
1640 370 1878 405 Frawnbergerin‚

584 423 651 440 uxor
670 413 800 439 Iohannis
820 413 1031 440 Tawbentfittel
1050 413 1158 443 militis,
1178 422 1249 439 anno
1271 413 1355 446 1451]

523 457 706 489 Fridericus
738 468 784 488 ev.
808 468 837 488 n.
864 467 912 498 cg.
958 457 1131 487 Maehthilt
1154 457 1193 488 la.
1242 464 1302 498 [Ob.
1331 464 1362 490 fr.
1390 464 1505 490 Georius
1531 465 1592 498 pbr.
1620 467 1649 491 et.
1676 474 1719 495 m,
1748 464 1824 498 prior
1849 464 1878 489 in

584 508 746 534 Formbach.

528 552 692 583 Arnoldus
715 508 796 582 coln.
822 551 862 581 de
886 550 1017 590 Morith‚
1043 551 1097 591 qui
1122 550 1212 581 dedit
1234 551 1371 581 vineam.
1406 550 1557 581 Liutkart
1579 561 1620 581 m.
1644 561 1673 581 n.
1699 559 1747 591 eg.

527 603 681 635 Albertus
706 614 746 634 m.
785 602 969 643 Chunigunt
992 602 1012 632 l.
1049 601 1201 643 [Irmgart
1222 602 1264 632 Ia.
1291 601 1332 632 de
1357 600 1594 644 Frdenwereh]

524 654 657 686 Diemfit
690 665 730 686 m.
777 654 889 685 siboto
924 654 993 695 pbr.
1027 657 1059 684 et
1086 664 1127 684 m.
1180 652 1270 696 [Otto
1302 664 1381 684 com.
1428 653 1601 694 Rudgerus
1629 651 1688 695 cv.]
1737 659 1878 694 [Dominus

588 706 725 732 Iohannes
744 705 818 739 abb]

526 749 716 781 Chfinradus
745 749 818 780 abb.
848 749 881 779 in
912 748 1127 789 Ebersperch.
1175 747 1317 779 Gerdrut
1339 748 1370 788 1.,
1396 758 1457 789 que
1482 747 1629 789 predium
1654 747 1752 778 dedit.
1805 745 1877 788 [Ob.

540 842 550 850 Π
586 801 755 832 Elisabeth
778 800 819 831 la.
845 800 884 831 de
909 798 1100 842 Hagenaxin]
1374 840 1385 850 0

523 853 650 884 Uli-icus
674 852 743 893 pbr.
769 855 801 882 et
825 862 866 883 m.
902 851 1087 891 Dietherus,
1112 851 1283 882 Hainrieus
1299 851 1318 882 l.
1352 848 1490 893 [Ulricus
1514 850 1729 892 Tegernpeck
1752 849 1822 891 pbr.
1848 852 1880 880 et

585 915 626 935 m.
653 904 692 935 de
718 902 873 945 Sehiren.]

461 965 483 991 Γ,
528 954 729 987 ΧΥεῑΙοὴὸηυε
754 955 896 986 subdiac.
922 958 954 985 et
977 965 1017 985 m.
1043 965 1072 985 n.
1099 965 1146 995 cg.
1192 954 1343 985 Albrieus
1366 955 1435 995 pbr.
1461 958 1493 986 et
1517 965 1585 985 can.

463 1018 479 1043 ἱ,
525 1006 670 1038 sefridus
694 1017 734 1036 m.
753 1017 782 1036 n.
801 1016 860 1047 cg..
886 1006 940 1046 qui
964 1005 1111 1046 predium
1130 1005 1219 1036 dedit
1243 1009 1275 1036 et
1292 1005 1435 1036 casulam
1452 1016 1524 1037 eum
1547 1005 1622 1036 alba
1647 1008 1679 1036 et
1695 1004 1758 1035 alia
1777 1003 1878 1044 plura.

586 1057 721 1088 sifridus
746 1068 791 1088 cv.
816 1068 845 1087 n.
872 1067 920 1098 cg.
964 1057 1086 1087 Perhta
1102 1057 1142 1087 Ia.
1184 1056 1257 1098 [Ob.
1276 1057 1448 1088 Haimicus
1464 1058 1484 1088 l.
1502 1057 1602 1088 frater
1619 1056 1738 1087 domini
1753 1053 1878 1096 Ulrici.]

587 1109 636 1135 Ob.
657 1107 805 1134 Hainrieus
825 1107 888 1133 abb.
903 1107 936 1134 de
947 1107 1136 1137 Wildsbumk,
1157 1108 1203 1140 qui
1218 1108 1415 1134 miserabiliter
1432 1108 1538 1134 occisus
1557 1110 1599 1135 est
1618 1117 1634 1134 a
1648 1106 1760 1141 proprio
1780 1105 1879 1140 priore.

458 1164 480 1188 τ,
526 1154 695 1185 Herwicus
719 1152 788 1193 pbr.
815 1155 847 1183 et
869 1163 910 1182 m.
936 1163 965 1182 n.
991 1162 1038 1192 eg.
1075 1152 1227 1193 Irmigart
1250 1163 1290 1182 n1.
1326 1152 1469 1183 Hei-rant
1484 1152 1553 1193 pbr.
1580 1155 1612 1182 et
1635 1162 1676 1182 m.
1724 1158 1784 1192 [Ob.
1805 1165 1880 1184 reve-

586 1205 686 1231 rendus
706 1204 733 1229 in
753 1203 863 1229 Christo
883 1205 964 1236 pater
983 1206 1011 1229 et
1031 1202 1165 1234 dominus,
1185 1203 1310 1229 domiuus
1324 1203 1537 1237 WVolfgangusU
1562 1203 1626 1229 abb.
1644 1201 1726 1228 huius
1750 1201 1813 1232 Ioci,
1833 1200 1880 1234 qui

586 1248 675 1273 multa
695 1247 768 1273 bona
785 1247 851 1272 fecit
871 1246 1047 1273 monasterio.
1069 1247 1134 1272 1495
1144 1246 1184 1280 ²).]

290 1301 322 1327 V.
337 1301 392 1327 kal,
438 1300 478 1326 28,
525 1291 690 1322 Gerwieus
714 1301 760 1321 CV.
785 1301 814 1321 n.
840 1300 887 1331 cg.
924 1290 1097 1333 Pilgrimus
1121 1290 1140 1321 l.
1177 1289 1249 1332 [Ob.
1276 1289 1485 1321 Haeitvoleus
1508 1289 1540 1332 l.]

278 1353 394 1379 mmm,
439 1353 480 1378 29.
525 1336 664 1381 Ulricus,
689 1341 762 1373 Chr.
788 1342 935 1372 abbates
975 1334 1112 1381 Uli-icus,
1136 1341 1231 1372 Etich
1254 1341 1284 1372 Ii.
1321 1341 1480 1383 [Alheidis
1505 1341 1545 1372 de
1569 1339 1805 1382 Malher<storf>
1825 1338 1879 1381 m.]

275 1404 323 1429 ΠΙ,
338 1404 393 1430 kal,
439 1404 479 1430 230.
525 1393 733 1425 Eberhardus
775 1393 848 1424 abb.
902 1392 1067 1424 Gerwieus
1106 1393 1264 1434 archipbr.
1316 1392 1491 1434 Pilgrimus
1530 1394 1551 1423 l.
1603 1391 1798 1435 [Fridericus
1840 1390 1880 1421 de

588 1444 863 1487 T1·fihe11dingen.]

292 1507 325 1532 11,
339 1507 395 1533 kal,
441 1506 481 1532 31.
527 1497 699 1528 Heinricus
727 1497 828 1538 prior,
852 1507 893 1527 111.
924 1500 956 1527 et
983 1496 1052 1537 pbr.
1082 1508 1111 1528 n.
1142 1508 1189 1538 eg.
1222 1498 1274 1538 pie
1305 1497 1470 1528 memorie.
1520 1496 1643 1527 Perhta
1666 1507 1707 1527 m.
1754 1483 1881 1525 fill-icus

589 1549 729 1580 scolaris.

907 1654 1200 1690 SEPTEMBER.

342 1737 398 1763 kal.
464 1737 485 1762 1.
531 1728 672 1767 Halwic7
701 1728 813 1759 Alheit
842 1739 883 1759 m.
915 1739 944 1759 n.
975 1739 1022 1769 cg.
1070 1728 1263 1759 Gebhardus
1287 1729 1356 1770 pbr.
1382 1732 1413 1759 et
1437 1739 1477 1759 m.
1502 1739 1532 1759 n.
1557 1738 1605 1769 eg.
1642 1726 1826 1757 Willibirch
1849 1725 1881 1766 l.,

589 1791 650 1821 que
675 1780 782 1810 albam
808 1780 898 1810 dedit
921 1780 1021 1811 nobis.

282 1840 328 1866 IV.
343 1850 406 1866 non.
461 1840 484 1865 2.
530 1831 581 1862 Fr.
607 1832 779 1863 Hainrieus
803 1843 831 1862 n.
858 1843 905 1873 cg.
947 1832 1147 1863 VVernherus
1171 1832 1245 1863 abb.
1270 1833 1302 1862 in
1325 1831 1433 1863 Prfile,

280 1893 327 1919 ΙΙΙ.
341 1901 405 1918 non.
459 1892 482 1917 23.
528 1884 714 1914 Dietmarus
739 1884 812 1914 abb.
849 1884 1006 1915 Richerus
1023 1884 1091 1925 pbr.
1111 1888 1142 1915 et
1158 1895 1198 1915 m.
1237 1884 1313 1914 Otto
1331 1884 1350 1914 1.
1388 1883 1561 1926 [Ger-oldus
1577 1883 1647 1924 pbr.
1666 1886 1698 1913 et
1714 1893 1754 1913 m.
1772 1893 1800 1912 Π.
1819 1880 1881 1923 cg.]

297 1945 405 1970 ssnon,
460 1945 483 1970 4,
529 1936 724 1966 Hartuvicus
747 1947 787 1966 m.
813 1947 842 1966 n.
868 1947 931 1977 cg..
965 1937 1016 1977 qui
1046 1936 1137 1967 nobis
1166 1936 1314 1977 predium
1344 1936 1442 1967 dedit.
1488 1935 1662 1968 Rahwinus
1686 1934 1758 1965 abb.
1800 1932 1881 1964 Ger-

590 1987 647 2018 ]int
671 1998 711 2018 m.

342 2057 405 2074 non.
460 2048 483 2073 ,5,
531 2038 695 2080 Sigmarus
719 2039 792 2070 abb.
828 2039 1042 2070 Pernwardus
1066 2050 1105 2070 m.
1146 2039 1363 2075 Pernlmrdus,
1388 2039 1562 2080 Adilgerus
1585 2039 1616 2070 li.

257 2099 332 2125 VIII.
346 2099 382 2125 id.
463 2100 486 2127 (ς,
532 2091 703 2121 Heinrieus
728 2091 800 2121 abb.
847 2090 1043 2122 Perhtoldus
1067 2091 1135 2132 pbr.
1166 2094 1197 2121 et
1221 2102 1262 2122 m.
1303 2091 1458 2132 Hiltigart
1482 2091 1500 2121 1.
1545 2090 1783 2133 [Haydenrieus
1807 2088 1882 2119 abb.

591 2143 620 2172 in
646 2142 830 2183 Pyburgk]

272 2202 382 2228 VILid.
465 2202 487 2228 7.
535 2194 691 2224 Gerbirch
721 2205 761 2224 m.
794 2205 822 2224 n.
848 2204 895 2235 cg.
944 2194 1142 2235 sigehardus
1166 2205 1234 2225 can.
1284 2194 1415 2235 Agatha
1440 2194 1458 2224 1.
1505 2193 1578 2236 [Ob.
1603 2192 1815 2224 Haeidweich
1839 2191 1881 2222 la.

592 2245 729 2277 Mfihthit
753 2244 785 2286 1.]

287 2305 382 2331 V1.id.
462 2305 484 2330 S.
532 2297 719 2327 Adilbertus
743 2296 812 2337 pbr.
839 2300 871 2327 et
893 2308 934 2327 m.
960 2308 987 2328 n.
1007 2308 1054 2338 cg.
1090 2298 1295 2329 Haertwicus
1317 2298 1384 2338 pbr.
1409 2301 1441 2328 et
1461 2298 1548 2338 prior
1563 2308 1592 2327 n.
1611 2307 1658 2337 cg.
1697 2295 1846 2338 [Sifridus
1862 2295 1881 2325 l.

593 2348 654 2379 Ob.
679 2348 811 2379 Alhaith
836 2348 875 2379 la.
912 2349 1083 2380 Hainrieus
1107 2350 1125 2380 l.
1151 2348 1356 2390 submersus]
1405 2357 1538 2390 [Andreas
1552 2356 1647 2389 abbssj]
1682 2355 1815 2381 Iohannes
1827 2354 1882 2379 abb.

300 2408 381 2433 vm,
462 2408 485 2434 9,
531 2400 709 2441 Engilwort
732 2400 800 2440 pbr.
827 2404 859 2431 et
882 2411 922 2431 m.
968 2401 1118 2442 Irmigart
1147 2412 1193 2432 cv.
1238 2401 1442 2432 Ham-twicus
1466 2411 1546 2432 eom.
1591 2399 1730 2442 [Irngart
1759 2399 1800 2429 la.
1830 2399 1882 2439 pie

594 2452 759 2482 memorie.
799 2451 989 2482 Chunradus
1014 2454 1117 2493 pictor
1140 2452 1270 2494 noster]

290 2511 387 2536 Πὶίᾱ,
452 2511 490 2537 10,
536 2503 708 2538 Dietricus,
734 2503 900 2534 Gotfridus
924 2504 988 2544 pbi.
1015 2508 1046 2535 et
1070 2515 1110 2535 m.
1148 2504 1259 2535 Siboto
1285 2504 1353 2545 pbr.
1379 2508 1411 2534 et
1434 2514 1475 2534 m.
1500 2503 1531 2533 in
1557 2501 1698 2533 Schiren.
1738 2509 1884 2535 Erhardus

593 2555 645 2579 abb.
669 2555 694 2579 1'11
718 2554 801 2579 S'ezcn.

339 2704 358 2733 ¹)
378 2703 416 2728 13:
435 2704 621 2737 Wolfigangus
641 2704 823 2731 Weisshserer.
931 2708 951 2727 ²1
973 2706 1006 2730 Ιιι.
1027 2706 1052 2730 Β
1068 2706 1174 2731 sacculo
1195 2705 1274 2731 XVI.
1294 2704 1454 2737 auls-criptum
1474 2704 1579 2736 leyinms
1597 2702 1710 2735 quintus
1729 2701 1872 2728 infulatus.

234 2746 254 2777 ²)
274 2745 313 2770 B.-
333 2745 394 2771 abb.
415 2746 441 2771 in
461 2747 563 2773 Andex.
