2085 2999
168 242 255 269 XVII.
268 241 324 268 kal.

218 413 250 439 X.
264 413 322 439 kal.

209 583 255 609 IX.
269 583 327 610 kal.

181 626 256 652 VIII.
269 626 325 653 kal.

195 669 256 695 VII.
270 669 326 696 kal.

208 840 254 866 VI.
268 841 324 866 kal.

224 883 257 910 V.
272 883 328 910 kal.

207 1012 252 1038 IV.
266 1012 322 1039 kal.

212 1261 260 1287 ΙΙΙ.
274 1269 335 1288 non.

184 1345 258 1372 VIII.
272 1345 309 1372 id.

210 1388 258 1415 VI.
272 1389 308 1415 id.

213 1432 259 1458 IV.
273 1432 309 1459 id.

208 1475 256 1501 III.
270 1475 306 1501 id.

225 1518 258 1544 II.
272 1518 308 1545 id.

270 1646 306 1673 id.

156 1862 255 1888 XVIII.
270 1862 326 1888 kal.

166 2032 253 2059 XVII.
267 2033 323 2059 kal.

181 2246 254 2273 XVI.
268 2247 324 2274 kal.

179 2290 255 2317 XIII.
269 2291 324 2317 kal.

199 2419 260 2446 XII.
274 2420 329 2446 kal.

366 147 476 173 LIBER
493 146 859 172 ANNIVERSARIORUM
878 146 1058 172 FRATRUM
1076 145 1254 172 MINORUM
1272 146 1604 173 RATISBONENSIUM.
1751 149 1813 178 253

374 242 413 268 16.

369 412 416 440 23.

373 584 415 610 24.

371 627 416 653 25.

373 669 416 696 26.

369 841 416 867 27.

373 884 414 910 28.

367 1012 410 1038 29.

373 1433 413 1460 10.

371 1477 410 1502 11.

372 1519 412 1545 12.

388 1647 427 1674 13.

376 1864 414 1888 14.

372 2034 412 2060 15.

372 2248 413 2274 16.

374 2291 413 2317 19.

375 2420 416 2446 20.

469 241 520 268 Ob.
539 240 708 274 Wiltburgis
737 241 770 267 de
795 240 1002 267 Sinezenhoffen
1036 240 1083 266 1110
1115 241 1236 274 sepulta.
1272 241 1351 267 Anno
1375 241 1479 267 domini
1501 241 1566 268 1353
1584 241 1628 267 ob.
1647 241 1679 268 fr.
1699 240 1815 267 Georius

519 283 707 310 Pfolnchoffer
731 283 884 317 garelianus
903 283 986 309 huius
1005 283 1075 314 1001,
1102 283 1263 317 sollempnis
1288 283 1462 317 predicator,
1482 284 1530 317 qui
1547 284 1637 311 inulta
1656 285 1729 311 bona
1748 284 1815 311 fecit

520 327 678 353 conventui.
723 326 936 352 Anniversarius
964 326 1075 352 Ottonis
1094 326 1253 356 Valbeiser,
1279 327 1407 353 AIhaidis
1430 327 1524 353 uxoris
1548 330 1576 353 et
1600 327 1761 354 Perchtoldi
1786 328 1816 354 10

518 369 797 400 Walderbekenhoff,
817 369 943 403 Irmgard
961 369 1054 395 uxoris
1073 369 1204 395 similiter
1223 369 1388 396 celebratur.

469 412 684 438 Anniversarius
702 411 829 438 Hainrici
849 412 1002 442 Schreiner,
1022 412 1069 438 1110
1087 412 1222 445 sepulum,
1242 420 1313 438 anno
1332 412 1437 438 domini
1458 413 1532 439 1435.
1569 413 1638 439 Item
1658 421 1729 439 anno
1749 421 1813 439 vero

521 456 586 482 1447
617 455 690 482 obiit
716 455 804 489 Marg.
830 464 898 482 uxor
929 455 996 482 eius.
1032 456 1103 481 Item
1129 463 1201 481 anno
1225 455 1330 481 domini
1356 456 1421 481 1455
1445 455 1488 482 ob.
1512 455 1647 481 Iohannes
1671 455 1816 482 Sem-einer

516 498 589 524 filius
609 498 697 529 eius*,
716 498 867 532 garelianus
893 498 939 524 1110
964 500 993 524 et
1017 498 1086 524 alibi
1114 497 1210 524 multis
1235 497 1315 524 annis
1338 499 1366 524 et
1392 497 1576 528 monasteriis,
1596 498 1727 524 similiter
1745 499 1814 526 0010-

518 541 616 568 bratur
633 541 703 567 feria
723 542 909 568 pentecostes.
948 540 997 567 Ob.
1017 541 1049 567 fr.
1069 540 1116 566 Ch.
1137 540 1169 567 de
1188 539 1329 571 Kireham,
1350 540 1437 567 lector
1456 541 1517 567 1001.

469 583 520 610 Ob.
539 583 688 610 Gerdrudis
708 583 851 610 Paulserin
870 583 916 610 1110
935 584 1054 617 sepulta,
1076 583 1150 609 1312.

471 626 520 653 Ob.
542 627 680 653 Fridrieus
699 626 877 661 Weintinger
894 627 941 652 hic
960 627 1087 660 sepultus
1106 635 1178 652 anuo
1198 626 1302 652 domini
1322 626 1411 653 1303*

472 669 562 703 [Anno
582 670 649 696 1492
668 669 709 695 27.
723 669 792 695 Maii
806 670 849 696 ob.
863 669 968 696 nobilis
986 669 1112 695 dominus
1130 669 1265 703 Georgius
1279 668 1460 699 Sehambeck,
1480 668 1595 695 dominii
1609 668 1814 702 Stauffprefec-

517 714 563 738 tus
583 714 612 739 et
630 712 767 746 magister
785 711 983 743 venacionum,
1009 711 1087 738 00105
1107 711 1312 738 anniversarius
1337 714 1474 745 perpetuo
1495 712 1653 738 celebratur
1670 714 1734 738 octo
1754 712 1812 739 dies

519 756 584 781 ante
606 755 648 781 vel
669 757 733 788 post
752 755 855 781 festum
874 755 965 781 sancti
984 755 1116 781 Iohannis
1135 763 1215 788 pape,
1237 754 1286 788 qui
1306 755 1412 789 legavit
1432 755 1583 782 conventui
1602 755 1635 781 30
1647 756 1672 781 U)
1687 755 1703 788 ᾧ
1721 755 1813 782 Ratis-

519 797 686 831 ponensium
706 806 754 831 pro
774 806 829 823 una
848 799 986 831 perpetua
1004 797 1109 823 schaffa
1128 797 1227 827 tritici,
1246 797 1292 823 1110
1311 797 1416 831 sepulti
1437 797 1513 831 (sic).]

470 840 520 867 Ob.
541 840 652 867 domina
671 841 753 867 Clara
772 841 805 867 de
825 840 1011 867 Teckendorff
1028 840 1191 867 celebratur.
1230 840 1334 867 Eodem
1353 840 1397 867 die
1418 840 1578 867 Mechtildis
1598 840 1731 867 WVeczlin.

469 884 519 910 Ob.
546 883 714 910 venerabilis
741 885 822 917 pater
849 883 996 910 Heinrieus
1027 883 1211 917 Ringenwirt,
1240 883 1313 909 fiIius
1342 885 1494 910 conventus
1520 883 1549 909 in
1577 883 1729 918 Ingolstat,
1753 892 1810 918 eps

519 926 681 958 Rossiensis,
701 926 748 952 1110
766 926 899 960 sepultus,
919 935 990 952 anno
1006 925 1111 952 domini
1128 926 1231 952 1401.**
1262 926 1472 952 Anniversarius
1493 925 1595 952 Lieben
1615 926 1663 953 der
1674 926 1814 953 1170155011-

517 969 649 1003 burgerin
668 968 738 994 feria
757 969 879 995 secunda
898 968 971 994 infra
990 970 1105 994 octavas
1124 969 1180 1000 (sic)
1200 968 1329 1002 Corporis
1349 968 1453 994 Christi
1473 968 1638 994 celebratur.

463 1011 553 1041 Nota,
583 1011 657 1044 quod
683 1011 711 1037 111
737 1011 836 1045 vigilia
860 1010 990 1044 Corporis
1014 1010 1118 1037 Christi
1147 1011 1304 1038 celebratur
1328 1011 1532 1037 anniversarius
1556 1011 1644 1037 Ulrioi
1664 1011 1813 1045 Soriptoris

515 1056 592 1080 trans
612 1056 734 1088 pontem.
771 1054 840 1080 Item
860 1053 1065 1080 anniversarius
1085 1054 1173 1080 Ulrici
1192 1054 1291 1080 Pfister
1310 1054 1467 1080 celebratur
1485 1055 1536 1080 sub
1551 1063 1624 1088 pena
1643 1054 1672 1080 in
1692 1054 1814 1081 crastino

521 1097 649 1131 Corporis
669 1097 781 1123 Christi.

902 1195 1074 1230 IUNIUS.

469 1261 565 1295 [Nota.,
585 1261 791 1287 anniversarius
811 1260 951 1287 Chunradi
971 1260 1167 1287 Mannstorffer
1186 1260 1330 1286 donatoris
1344 1260 1438 1291 nostri,
1459 1260 1548 1294 Kung.
1568 1258 1661 1285 uxoris
1680 1261 1736 1286 tres
1755 1258 1814 1286 dies

517 1305 583 1330 ante
604 1303 647 1330 vel
668 1305 732 1337 post
751 1303 943 1330 Pentecostem
964 1303 1138 1336 celebratur]

470 1346 520 1373 Ob.
540 1346 652 1372 domina
670 1346 834 1373 Maehtildis
853 1346 886 1372 de
906 1346 1039 1380 Runting,
1059 1346 1105 1372 hic
1125 1346 1245 1380 sepulta,
1264 1354 1336 1372 anno
1355 1345 1460 1372 domini
1482 1345 1572 1371 1296.*

467 1389 594 1415 Elisabet
615 1389 737 1420 Sechsin,
757 1398 832 1415 soror
850 1389 945 1415 fratris
966 1389 1135 1419 Perchtoldi,
1154 1397 1226 1415 anno
1246 1388 1350 1415 domini
1370 1389 1444 1414 1293.

468 1432 518 1459 Ob.
539 1432 666 1458 (1011111105
686 1432 796 1458 Uli-icus
815 1432 966 1466 Tollinger,
986 1432 1032 1458 hic
1051 1432 1187 1466 sepultus,
1207 1440 1278 1458 anno
1297 1431 1402 1457 domini
1423 1431 1512 1457 13187ὶι

465 1475 515 1502 Ob.
535 1475 661 1502 dominus
681 1476 734 1502 Leo
754 1475 928 1509 VVeytinger.
947 1475 994 1502 hie
1014 1476 1148 1509 sepultus,
1168 1484 1240 1501 anno
1259 1475 1363 1501 (10111101
1384 1475 1474 1501 1322*

464 1519 675 1545 Anniversarius
695 1519 813 1545 Com-adi
832 1519 944 1552 Kunig*
964 1520 992 1545 et
1010 1519 1168 1553 Margarete
1187 1518 1292 1547 uxoris.
1317 1527 1389 1544 anno
1419 1518 1523 1544 (1οο1101
1550 1518 1627 1549 1418,
1656 1517 1813 1544 celebratur

517 1562 567 1588 sub
587 1570 667 1596 pena.
704 1561 916 1587 Anniversarius
934 1561 1039 1588 domini
1060 1561 1182 1588 Gotfridi
1201 1561 1289 1588 Reich
1304 1561 1468 1592 celebratur,
1489 1561 1564 1587 1316.
1600 1560 1812 1587 Anniversarius

519 1604 567 1631 Ch.
589 1605 715 1631 Rorbech
735 1604 891 1631 braxatoris
911 1604 1093 1631 celebratur*

480 1647 693 1674 Anniversarius
712 1647 833 1674 Gotfridi
853 1647 939 1674 Reich
965 1648 1129 1674 celebratur.
1166 1647 1216 1673 Ob.
1237 1647 1336 1680 Geysel
1356 1647 1477 1681 Kirrgin,
1503 1647 1548 1673 1110
1573 1647 1692 1680 sepulta.
1730 1647 1812 1680 [Item

519 1691 584 1717 1453
603 1691 646 1717 ob.
667 1691 803 1724 Elyzabet
822 1691 855 1717 de
875 1691 967 1721 Stain,
995 1699 1064 1716 uxor
1087 1690 1215 1724 magistri
1240 1690 1373 1716 Iohannis
1391 1690 1480 1722 Greci,
1499 1689 1607 1720 medici,
1625 1690 1670 1716 hic
1691 1690 1810 1723 sepulta.

520 1735 598 1760 Anno
622 1734 726 1760 domiui
748 1734 829 1765 1482,
858 1734 928 1760 feria
953 1734 1052 1766 quinta
1076 1735 1140 1760 ante
1170 1734 1271 1760 festum
1290 1733 1363 1764 Viti,
1391 1734 1433 1760 ob.
1458 1733 1569 1765 nobilis,
1590 1735 1736 1760 strennuus
1761 1733 1811 1764 vir,

516 1776 642 1802 dominus
662 1776 808 1803 Ludwicus
829 1777 1010 1803 Paulstorffer
1028 1777 1061 1802 de
1081 1777 1162 1808 Curn,
1188 1776 1282 1808 1111105,
1311 1776 1416 1802 amicus
1444 1779 1472 1803 et
1498 1776 1592 1803 fautor
1614 1776 1742 1803 Fratrum
1761 1776 1811 1802 Mi-

515 1821 651 1845 nor-um.**
664 1820 691 1852 ¹)]

468 1862 683 1888 Anniversarius
702 1862 864 1896 Marquardi
883 1862 941 1888 Auf
956 1862 1004 1889 der
1023 1862 1128 1889 Tunaw
1149 1862 1319 1893 celebratur,
1340 1862 1430 1896 Kung.
1449 1862 1550 1888 0110115.
1587 1862 1810 1896 [Anniversarius

517 1904 689 1931 honorabilis
708 1905 762 1931 viri
775 1905 946 1932 Wenizeslai
965 1905 1086 1932 Strasser
1100 1905 1257 1931 celebratur
1275 1905 1325 1931 sub
1345 1914 1425 1938 pena,
1446 1904 1523 1931 cuius
1542 1913 1609 1931 uxor
1628 1905 1705 1931 dedit-
1723 1906 1738 1930 5
1752 1906 1777 1932 tt
1794 1906 1810 1938 ᾧ

516 1950 545 1974 et
564 1947 632 1974 fecit
651 1948 821 1974 testudinem
847 1947 876 1973 in
894 1948 1003 1974 ambitu
1025 1949 1102 1979 1459,
1128 1947 1195 1974 item
1223 1948 1288 1974 1462
1317 1948 1393 1974 dedit
1418 1948 1449 1973 12
1466 1948 1581 1974 florenos
1604 1947 1633 1973 10
1656 1947 1810 1974 subsidium

516 1999 586 2017 nove
606 1991 720 2017 librarie
740 1993 804 2025 post
824 1991 929 2024 Pasca]

466 2033 679 2060 Anniversarius
698 2034 815 2060 Fridrici
835 2034 962 2065 Zeissler,
986 2035 1063 2060 Anne
1082 2033 1174 2059 uxoris
1193 2036 1255 2060 octo
1275 2033 1333 2060 dies
1352 2035 1417 2060 ante
1437 2034 1482 2060 vel
1500 2036 1564 2067 post
1583 2034 1741 2060 celebratur
1758 2034 1809 2060 sub

514 2085 594 2110 pena..
632 2077 844 2104 Anniversarius
863 2078 972 2112 Agnete
993 2077 1161 2107 Friimoltin,
1184 2077 1343 2111 Margarete
1362 2077 1564 2104 Prunnhoferin
1583 2077 1741 2104 celebratur
1758 2077 1808 2103 sub

514 2129 595 2153 pena.
633 2120 721 2154 [1466.
744 2121 811 2147 item
829 2122 873 2147 ob.
893 2121 1050 2147 Hertwieus
1070 2121 1208 2147 confessor
1221 2120 1405 2147 Clarissarum
1425 2120 1453 2146 in
1466 2121 1609 2154 Fryburgo
1629 2123 1657 2146 et
1672 2121 1810 2154 Bamberg

517 2165 546 2189 et
559 2163 719 2197 predicator
732 2166 793 2195 010,
813 2164 881 2191 item
894 2173 970 2190 soror
984 2164 1189 2198 Chunegundis,
1204 2164 1308 2190 custrix
1321 2164 1396 2198 apud
1410 2163 1435 2190 S.
1450 2163 1560 2190 Claram
1574 2164 1648 2190 ultra
1667 2163 1700 2189 50
1713 2172 1808 2194 annos,

517 2206 564 2232 1110
583 2207 714 2240 sepulta]

468 2248 680 2274 Anniversarius
699 2248 816 2275 Erhardi
830 2249 1001 2283 Keschinger
1020 2249 1052 2276 de
1067 2249 1204 2279 Kelhaim,
1224 2250 1316 2283 Agnes
1336 2249 1427 2275 uxoris
1447 2249 1604 2276 celebratur
1623 2249 1672 2275 sub
1693 2257 1772 2283 pena.

468 2291 559 2325 [Anno
577 2291 682 2318 domini
703 2292 780 2324 1477,
800 2292 869 2318 feria
888 2292 987 2326 quinta
1006 2292 1079 2318 infra
1097 2294 1227 2318 octavam
1246 2302 1266 2318 5.
1286 2292 1375 2326 patris
1398 2292 1485 2318 nostri
1503 2292 1639 2318 Anthonii
1661 2292 1694 2318 de
1714 2292 1808 2317 Padua

516 2333 559 2360 ob.
588 2334 755 2360 venerabilis
774 2337 803 2361 et
821 2335 953 2369 religiosa
976 2335 1089 2362 domina
1113 2335 1288 2368 multumque
1307 2335 1409 2361 devota
1429 2335 1542 2362 Aurelia
1566 2335 1702 2366 Probstin,
1726 2334 1808 2361 abba.

516 2377 545 2402 in
565 2377 667 2403 Sancta.
687 2377 775 2408 Clara,
795 2378 874 2404 cuius
892 2378 985 2404 anima
1004 2378 1161 2411 requiescat
1180 2378 1209 2404 in
1228 2378 1281 2404 celi
1299 2378 1448 2411 machina]

473 2419 523 2446 Ob.
543 2420 654 2446 domina
673 2421 765 2454 Agnes
785 2430 846 2447 vom
866 2421 940 2451 Hoff,
964 2421 1011 2448 1110
1035 2421 1158 2455 sepulta,
1184 2430 1256 2447 anno
1278 2421 1367 2447 1292*
1405 2421 1454 2447 Ob.
1474 2420 1579 2454 Sophia
1599 2420 1743 2447 Paulserin
1762 2421 1807 2447 hie

518 2463 637 2496 sepulta.
676 2463 766 2496 [Anno
786 2463 892 2490 domini
913 2465 990 2494 1494,
1015 2464 1148 2490 vicesima
1171 2465 1203 2490 (10
1224 2463 1296 2489 Iunii
1320 2464 1362 2490 ob.
1390 2463 1557 2489 venerabilis
1579 2463 1705 2490 dominus
1725 2464 1808 2490 Leon-

516 2505 620 2531 hardus
638 2505 777 2532 Panholcz
796 2507 829 2533 de
849 2527 855 2532 .
869 2527 874 2532 .
890 2527 895 2532 .
915 2507 977 2533 ofen
985 2509 1014 2539 ²),
1034 2507 1198 2533 informator
1217 2507 1348 2532 iuvenum
1367 2506 1463 2537 fidelis,
1484 2507 1531 2539 qui
1545 2507 1622 2533 dedit
1635 2507 1716 2540 plura
1734 2507 1806 2533 bona

514 2549 656 2575 volumina
683 2558 733 2582 pro
762 2549 877 2576 libraria
912 2550 1104 2583 con(ventus>,
1134 2550 1259 2584 sepultus
1293 2549 1320 2575 iu
1350 2549 1468 2576 ecclesia
1493 2558 1579 2583 prope
1607 2549 1696 2575 altare
1724 2550 1806 2576 beate

515 2592 658 2626 Virginis]

261 2731 282 2762 ¹)
302 2729 337 2755 Ιη
356 2730 476 2763 margine
495 2730 584 2764 rimago
603 2731 686 2756 huius
704 2731 794 2756 militis
816 2731 900 2756 lorica
919 2739 1005 2756 aurea
1023 2731 1114 2756 sudati
1133 2739 1192 2757 cum
1211 2731 1293 2756 armis
1307 2732 1380 2764 picta
1398 2733 1443 2756 est.
1545 2731 1564 2762 ²)
1588 2730 1659 2756 Teste
1677 2730 1807 2756 Pr'imbsio

153 2771 311 2804 eaeplemlmn
331 2775 379 2798 est:
400 2772 585 2806 Opperkofen.
