2085 2999
225 146 284 175 170
330 142 437 169 LIBER
454 141 697 169 OBLATIONUM
716 140 761 166 ET
781 139 998 166 ASSIGNATIO
1021 139 1267 166 ANNJVERSAR.
1286 140 1444 167 MONAST.
1464 140 1766 168 TEGERNSEENSIS.

584 239 739 276 operante
757 235 918 266 affuerunt
942 235 1145 275 temptatoris
1168 235 1302 276 maligni
1324 234 1455 266 fraudes
1479 238 1512 266 et
1528 236 1652 276 insidie,
1677 247 1739 277 que
1763 236 1879 277 prelati

585 291 617 318 et
641 287 775 317 stabiliti
800 287 920 317 domini
943 287 1043 317 nostri
1067 286 1152 317 bona
1170 297 1269 327 opera
1286 286 1479 327 inpedirent.
1524 287 1563 318 Iu
1578 288 1724 329 ingressu
1739 298 1878 329 namque

585 344 617 370 et
645 342 718 379 post
746 339 924 379 ingressum
954 349 1046 369 suum
1070 339 1156 379 cepit
1188 339 1314 379 gravari
1345 339 1430 368 omni
1453 340 1587 379 penuria
1611 349 1736 370 annone
1761 342 1793 370 et
1815 340 1880 370 vini

585 391 800 430 aliorumque,
830 400 892 430 que
923 391 1105 420 necessaria
1135 390 1264 421 fuerunt
1291 399 1347 420 sue
1378 389 1496 430 domui,
1526 401 1651 421 necnon
1675 394 1707 421 et
1741 391 1878 431 preben-

585 441 704 472 dalium
742 441 947 471 exhibicioni.
1002 441 1129 472 Exinde
1164 445 1238 482 post
1272 452 1387 482 graves
1423 452 1597 482 expensas,
1631 452 1709 483 quas
1742 441 1819 472 feeit
1848 442 1879 472 in

585 503 715 524 suarum
740 492 932 533 dignitatum
963 492 1083 523 celebri
1114 494 1321 524 assecucione
1350 503 1369 523 a
1400 492 1482 524 festo
1514 494 1615 524 sancti
1645 493 1755 524 Georii
1778 503 1879 534 usquc

584 544 626 575 ad
671 544 851 574 futurorum
893 548 1107 584 proventuum
1143 544 1360 585 collectivam⁷
1401 547 1589 586 conparavit
1633 549 1665 576 et
1700 545 1881 576 exer-edidit

585 596 705 631 omnia,
744 605 805 635 que
836 595 1012 625 necessitas
1041 595 1205 636 exigebat.
1257 595 1337 627 Cum
1368 607 1444 627 vero
1481 597 1647 628 excredita
1682 600 1715 628 et
1746 597 1880 641 antiqua

586 647 696 678 debita
721 646 761 677 de
785 647 876 677 novis
906 647 1115 687 proventibus
1143 647 1281 678 reddere
1315 648 1497 688 debuisset,
1530 649 1727 679 vindemiato
1751 649 1823 679 vino
1849 652 1881 679 et

584 699 712 739 navigio
738 698 884 728 traducto
911 708 1023 729 securo
1049 698 1183 729 ducatus
1213 709 1272 739 per
1299 702 1408 740 partes
1432 701 1561 731 Austrie
1588 701 1621 731 in
1648 700 1824 731 dominium
1849 703 1881 730 et

586 750 737 780 ducatum
771 749 937 780 Inferioris
972 750 1062 780 ducis
1096 750 1245 781 Bawarie
1281 755 1329 781 est
1363 756 1554 792 perventum
1587 753 1687 793 ipsius
1722 751 1810 782 ducis
1848 755 1881 782 et

585 811 716 831 suorum
752 800 938 832 officialium
974 811 1045 832 011111
1082 801 1218 832 licencia
1253 805 1286 833 et
1317 802 1486 834 conductu.
1540 803 1667 834 Ibidem
1696 804 1880 834 universum

585 853 692 882 vinum
724 862 783 893 per
812 853 1011 883 invasionem
1044 854 1225 894 impiissimi
1254 854 1405 894 predonis
1434 854 1721 896 Frawenwergerii
1748 858 1796 885 est
1823 854 1879 885 ab-

584 905 699 943 latum,
741 904 887 935 homines
928 905 1081 945 captivati
1116 909 1149 936 et
1183 905 1389 946 depecuniati
1425 916 1496 936 cum
1532 907 1664 937 tecturis
1700 909 1732 937 et
1764 906 1880 937 ceteris

584 955 856 997 possessionibus,
882 967 943 997 que
968 957 1012 987 ibi
1037 957 1143 987 eidem
1167 957 1355 997 malignanti
1381 958 1553 988 casualiter
1578 958 1798 997 occurrebant7
1822 967 1881 998 per

585 1009 691 1038 omnia
723 1007 908 1038 devastatis.
959 1008 1031 1039 Hiis
1066 1019 1123 1049 pro
1156 1008 1263 1039 tholor
1290 1009 1335 1039 ita
1370 1011 1581 1050 perpetratis,
1615 1010 1708 1051 plura
1740 1009 1879 1050 dampna

585 1059 744 1100 prioribus
762 1059 910 1100 dampnis
927 1063 1138 1091 accreverunt
1154 1071 1212 1101 per
1229 1070 1389 1101 expensas
1405 1062 1603 1101 nunciorum,
1629 1062 1683 1102 qui
1695 1061 1880 1092 ablaciones

583 1112 659 1141 istas
684 1115 762 1152 aput
787 1121 897 1152 regem
922 1114 1010 1151 tunc,
1035 1116 1150 1153 postea
1174 1113 1418 1152 imperatorem„
1443 1114 1568 1144 restitui
1591 1113 1795 1152 laborabant,
1826 1112 1880 1153 qui

588 1163 694 1193 11101011
727 1173 838 1193 01111105
868 1164 1027 1194 incassum
1065 1168 1143 1205 aput
1179 1174 1306 1204 regem,
1349 1168 1427 1205 aput
1461 1166 1622 1206 principes
1657 1168 1689 1196 et
1724 1163 1879 1195 officiales

586 1214 818 1255 procedebant⁷
843 1216 929 1245 omni
946 1216 1152 1246 restitucione
1170 1218 1299 1256 negata,
1324 1216 1435 1247 inanes
1460 1220 1492 1247 et
1515 1217 1607 1247 vacui
1623 1216 1878 1247 revertebantur.

584 1266 712 1297 Deinde
742 1270 856 1297 cuncta
885 1268 1109 1298 consolacione
1138 1267 1284 1308 prefatus
1312 1268 1460 1298 dominus
1495 1272 1604 1299 noster
1634 1268 1806 1299 destitutus
1831 1267 1878 1297 in-

584 1319 764 1349 cursionem
789 1318 982 1353 debitorum,
1008 1320 1062 1360 qui
1085 1320 1145 1350 sibi
1169 1330 1226 1349 sua
1252 1319 1508 1355 excrediderant,
1534 1320 1665 1351 cottidie
1690 1318 1878 1350 sustinebat.

583 1372 663 1402 Post
692 1372 752 1402 1100
784 1372 1011 1403 inestimabilia
1041 1373 1229 1413 gravamina
1256 1371 1360 1411 illata,
1392 1371 1532 1402 secundo
1557 1382 1633 1402 vero
1658 1382 1740 1402 anno
1765 1370 1878 1401 emuli-

584 1427 692 1454 menta
718 1423 831 1454 domus
861 1434 917 1454 sue
942 1424 1142 1465 prebendam
1172 1424 1306 1455 fratrum
1330 1423 1525 1464 prelibatum
1550 1423 1713 1454 dominum
1737 1426 1879 1453 nostrum

585 1476 741 1506 inminens
771 1476 905 1516 penuria
937 1476 1161 1507 universaliter
1192 1486 1300 1507 emere
1331 1475 1545 1516 conpellebat.
1601 1475 1667 1506 Ista
1696 1474 1878 1515 1110101101·-

585 1538 708 1568 pessus,
733 1527 899 1568 prebende
925 1527 1125 1558 dominorum
1151 1528 1180 1558 in
1206 1527 1299 1558 nullis
1323 1527 1491 1568 derogavit
1514 1537 1572 1557 nec
1597 1527 1707 1557 domui
1723 1526 1879 1567 pepercit,

584 1590 714 1610 servans
738 1579 1035 1610 iuconmutabiliter
1058 1579 1328 1620 hospitalitatem,
1359 1579 1466 1609 ruinas
1492 1589 1655 1609 murorum
1681 1578 1879 1609 edificiorum

585 1641 757 1669 1·enovanS‚
791 1641 874 1661 nova
904 1630 1030 1661 edificia
1059 1634 1260 1669 construens,
1292 1630 1443 1660 videlicet
1479 1630 1701 1660 dormitorium
1734 1629 1877 1665 fratrum

587 1682 793 1713 refectorium
819 1682 964 1717 estivale,
990 1683 1141 1713 transitus
1165 1682 1207 1713 ad
1231 1683 1362 1713 beatam
1378 1682 1515 1712 Mariani
1538 1685 1701 1723 utrosque,
1725 1682 1878 1712 vitrorum

586 1737 775 1763 ornamenta
800 1737 832 1763 et
860 1733 1005 1764 tabulata
1029 1733 1166 1774 plurima
1192 1733 1327 1771 faciens,
1362 1744 1472 1764 omues
1501 1733 1629 1764 claustri
1657 1734 1724 1764 vias
1753 1743 1878 1771 ornans7

585 1796 647 1825 que
684 1785 808 1825 dilapse
849 1785 977 1815 fuerant
1017 1788 1049 1815 et
1084 1785 1241 1816 desolate.
1302 1786 1437 1826 insuper
1475 1785 1620 1816 binarum
1659 1784 1878 1826 cappellarum

583 1840 777 1867 structuram
802 1837 879 1868 fecit
903 1840 935 1868 01
960 1838 1092 1878 picturis
1117 1837 1406 1869 conmendabiliter
1430 1837 1610 1876 decoravit,
1635 1836 1726 1866 unius
1754 1835 1878 1876 capelle

584 1892 658 1919 ante
682 1889 785 1919 maius
809 1889 983 1919 sacrarium
1008 1889 1039 1919 in
1063 1889 1184 1920 honore
1210 1890 1311 1920 saneti
1335 1889 1556 1920 Bartholomei
1581 1891 1613 1919 et
1636 1887 1736 1918 sancti
1760 1887 1880 1926 Alexii,

585 1940 666 1970 alius
695 1940 820 1981 capelle
848 1941 879 1970 in
909 1941 1066 1971 memoria
1094 1942 1195 1971 saneti
1226 1941 1416 1971 Michahelis
1446 1941 1477 1970 in
1502 1940 1707 1971 extremitate
1732 1938 1880 1969 cimiterii

585 1991 821 2022 defunctorum.
869 1991 920 2022 Sic
945 1995 977 2022 ct
1000 1993 1063 2023 alia
1088 1993 1189 2023 multa
1213 2004 1313 2034 opera
1331 1993 1530 2023 edificiorum
1554 1992 1694 2033 patravit
1717 1991 1768 2021 hic
1793 1993 1825 2021 et
1848 1991 1879 2021 in

587 2043 732 2083 partibus
756 2043 896 2081 Austrie7
922 2054 984 2084 que
1009 2043 1069 2074 sibi
1094 2047 1268 2085 conpetere
1293 2044 1495 2075 videbantur.
1542 2043 1631 2074 Inter
1658 2043 1719 2073 hec
1742 2042 1878 2073 testudi-

586 2095 673 2124 navit
708 2095 865 2125 ambitum
900 2106 958 2135 per
994 2096 1160 2126 circuitum
1194 2096 1336 2126 maximo
1372 2106 1443 2126 011111
1479 2095 1590 2125 labore
1627 2094 1813 2125 subfodiens
1847 2097 1879 2124 et

589 2145 729 2176 educens
758 2150 877 2176 terram
914 2150 946 2176 et
980 2146 1119 2187 lapides.
1153 2147 1255 2178 donec
1290 2147 1331 2177 ad
1365 2146 1603 2187 perfeccioncm
1638 2146 1737 2186 ipsius
1773 2146 1879 2186 operis

586 2200 708 2227 tantam
731 2198 790 2228 sibi
807 2198 1011 2229 altitudinem
1028 2202 1206 2239 coaptaret.
1244 2199 1393 2240 Denique
1410 2199 1603 2229 lavatorium
1620 2197 1879 2228 honestissimum

585 2258 695 2279 ereum
720 2259 837 2279 novum
863 2250 949 2287 fecit,
974 2251 1063 2280 cuius
1087 2250 1235 2281 lavatorii
1259 2251 1341 2281 trina
1366 2250 1448 2281 fusio
1472 2250 1558 2280 facta
1583 2252 1640 2283 est,
1663 2252 1698 2278 ut
1720 2248 1878 2279 mercedi-

585 2299 643 2330 bus
668 2304 700 2331 et
724 2301 903 2341 sumptibus
928 2301 1096 2332 cumulatis
1115 2306 1320 2342 prenotatum
1336 2302 1527 2332 lavatorium
1542 2311 1618 2331 vera
1636 2300 1878 2331 existimacionc

587 2353 707 2382 cunctis
741 2352 809 2383 fere
839 2356 986 2383 constare
1018 2353 1141 2394 liqueat
1167 2353 1403 2395 quadringenta
1434 2353 1565 2384 talenta.
1616 2351 1699 2382 Nam
1730 2352 1878 2382 acciones

584 2403 728 2434 eiusdem
754 2403 873 2434 domini
898 2405 997 2434 nostri
1021 2405 1195 2436 absurdum
1226 2408 1275 2436 est
1298 2416 1356 2446 per
1383 2405 1508 2445 singula
1532 2403 1689 2444 replicare
1714 2406 1746 2433 et
1769 2403 1879 2443 scripti

547 2496 549 2500 V
584 2455 767 2486 testimonio
791 2466 855 2486 non
879 2456 1030 2496 egebant,
1056 2467 1117 2497 que
1140 2457 1308 2488 visibiliter
1324 2456 1509 2498 aspectibus
1525 2455 1672 2486 humanis
1688 2453 1878 2495 patescunt]

281 2512 394 2538 VLkal.
440 2512 481 2539 26,
528 2505 667 2546 {Vh-icus
691 2506 877 2538 Velslozzus
901 2508 1118 2538 ministerialis
1152 2508 1246 2539 huius
1281 2508 1407 2539 cenobii
1442 2508 1510 2546 ob.7
1544 2507 1596 2547 qui
1628 2505 1760 2536 tradidit
1787 2505 1878 2536 nobis

585 2558 732 2597 predium
758 2569 849 2589 suum
878 2560 909 2589 in
934 2559 1139 2597 Utenhusen,
1176 2560 1256 2590 sicut
1291 2560 1506 2600 subscriptum
1541 2558 1702 2588 invenitur
1728 2557 1759 2587 in
1787 2557 1877 2587 anni-

585 2610 726 2640 versario
751 2611 861 2640 uxoris
885 2609 1022 2652 sue.'”·'²¹)]

330 2685 349 2715 ¹)
376 2684 438 2710 Vide
455 2690 478 2711 4.
492 2685 654 2712 Decembris.
669 2688 727 2712 Ass
742 2696 807 2713 αηη.
827 2688 1047 2714 1ι’(ιιιι11’(ι1.1«“ρ1η·.
1067 2688 1187 2721 scripsit:
1208 2688 1353 2714 Udalricus
1374 2687 1490 2717 Velsloz,
1511 2687 1558 2720 qui
1578 2695 1627 2720 pro
1647 2685 1767 2712 remedio
1787 2684 1877 2711 anime

226 2734 273 2751 500
294 2728 322 2751 01
342 2735 453 2753 uxorem
473 2728 532 2754 eius
552 2729 706 2762 Elyzabeth
727 2732 755 2756 et
774 2730 946 2763 Adelhaydis
966 2731 1083 2757 eontulit
1104 2730 1183 2756 nobis
1202 2730 1329 2764 predium
1349 2740 1427 2756 500111
1447 2730 1475 2755 in
1496 2729 1690 2756 Utenhausen.
1710 2727 1812 2754 0111111..
1832 2727 1877 2752 1110

227 2768 353 2795 fundavit
376 2769 495 2802 missam,
515 2780 600 2804 quain
620 2772 758 2804 quottidie
779 2773 896 2799 dicimus
916 2774 943 2799 in
963 2774 1046 2800 altari
1065 2774 1100 2800 ad
1120 2774 1220 2799 Omnes
1239 2773 1362 2800 Sanetos.
