2085 2999
137 655 161 673 10

137 877 161 895 15

136 1100 162 1119 20

136 1393 161 1411 25

136 1637 164 1655 30

140 1853 165 1871 35

138 2067 165 2086 40

141 2282 166 2299 45

143 2495 168 2513 50

145 2709 168 2727 55

479 160 587 186 LIBER
606 157 963 185 ANNIVERSARIORUM
984 157 1110 183 NOVAE
1127 156 1263 183 CELLAE
1282 155 1524 182 BRIXINENSIS.
1785 157 1826 187 45

178 255 207 281 in
227 254 330 281 eisdem
349 253 545 281 anniversariis
565 253 608 280 vel
627 253 682 279 alio
702 252 746 279 die
767 252 936 286 competenti
956 251 984 278 in
1003 251 1128 286 capitulo
1147 250 1292 277 recitanda
1311 252 1386 281 sunt,
1410 252 1492 283 prout
1516 258 1565 283 per
1587 251 1706 283 quatuor
1730 251 1827 283 partes

177 296 282 335 ibidem
311 299 375 323 sunt
407 297 507 327 divisa;
540 296 573 322 de
604 296 686 330 pulsu
716 298 810 322 autem
841 296 869 321 et
897 295 1020 321 candelis
1050 294 1112 321 fiat.
1143 293 1215 320 sicut
1245 293 1273 319 in
1301 293 1433 320 memoria
1461 293 1646 320 fraternitatis
1675 292 1826 319 inmediate

177 340 375 375 suprascripta.

282 392 321 419 De
349 392 432 426 pulsu
461 394 489 418 et
515 390 639 417 candelis
658 390 835 417 incendendis
862 390 890 416 in
918 389 1034 424 singulis
1063 388 1259 416 anniversariis
1284 388 1452 414 ordinandis.
1498 389 1568 414 Item
1596 388 1659 414 dum
1688 388 1828 414 habentur

182 435 280 469 vigilie
300 436 424 466 cantate,
453 434 599 468 pulsentur
625 434 642 459 4
661 442 796 467 campane
824 434 859 460 ad
887 433 1004 467 placebo
1033 434 1060 459 et
1079 432 1189 458 missam
1217 433 1245 458 et
1268 431 1320 457 due
1344 431 1457 457 candele
1477 431 1550 457 circa
1568 431 1740 465 sepulturam
1760 430 1818 457 eius

178 477 201 503 si
223 477 268 504 hic
287 478 419 508 habetur,
448 477 483 503 ad
507 476 621 503 missam
650 477 678 502 et
697 475 811 510 vigilias
830 475 1025 506 incendantur,
1053 474 1106 501 nisi
1130 474 1206 501 aliud
1226 473 1300 500 circa
1319 474 1428 501 eosdem
1447 473 1649 500 anniversarios
1668 473 1828 508 specialiter

179 529 338 554 expressum
355 520 505 550 habeaturg
530 519 553 545 si
578 521 671 545 autem
693 518 788 552 vigilie
807 518 938 552 legantur
963 519 1012 544 aut
1038 517 1096 544 sine
1115 516 1219 552 vigiliis
1243 518 1407 550 peragatur,
1436 517 1581 550 pulsentur
1608 517 1642 543 ad
1668 516 1780 543 missam
1799 518 1828 543 et

179 563 296 596 placebo
316 565 371 590 tres
391 571 525 596 campane
553 563 581 588 et
608 561 681 588 circa
706 562 892 595 sepulturam,
912 561 934 586 si
954 561 1000 587 liic
1019 561 1151 590 habetur,
1175 560 1228 586 due
1248 559 1361 585 candele
1381 559 1571 586 incendantur.
1607 561 1678 586 Item
1697 559 1829 592 quociens

178 605 323 639 peragitur
342 605 545 632 anniversarius
568 604 728 638 specialiter
751 604 795 630 hic
820 604 1006 638 sepultorum,
1035 612 1143 637 semper
1170 603 1205 629 ad
1234 602 1351 636 placebo
1380 601 1510 629 visit-etur
1532 603 1689 636 sepulcrum
1715 604 1743 628 et
1762 604 1828 628 tunc

180 647 284 674 ibidem
303 649 355 675 due
374 648 484 675 incense
504 647 619 674 candele
638 647 801 674 habeantur.

281 699 321 725 De
342 699 466 733 exequiis
484 698 599 725 frat-rum
623 698 739 724 aliorum
763 697 992 724 monasteriorum
1017 697 1095 723 nobis
1120 697 1320 723 intimatorum.
1358 697 1427 723 Item
1447 705 1509 722 cum
1528 696 1622 723 obitus
1641 697 1758 723 alicuius
1778 698 1829 722 aut

179 743 335 775 aliquorum
354 742 469 768 fratrum
488 742 605 768 aliorum
624 741 851 768 monasteriorum
876 740 955 766 nobis
980 740 1176 769 denunciatur,
1201 740 1275 766 lecta
1300 739 1383 765 litera
1408 739 1530 765 eiusdem
1555 739 1780 766 dennnciacionis
1799 739 1827 765 in

180 785 305 818 capitulo
325 784 468 818 presidens
488 784 532 810 vel
552 781 764 810 ebdomadan'us
783 783 859 810 dicat
882 782 1064 816 „Requiescat
1083 783 1111 808 in
1130 785 1224 816 pace“.
1245 782 1343 809 deinde
1362 782 1514 816 subiungat
1533 783 1680 809 collectam
1698 792 1746 816 pro
1767 791 1827 808 cou-

179 827 363 858 fraternitate,
383 827 491 854 scilicet
513 827 599 858 „Deus
620 826 712 853 venie*¹
735 829 787 852 etc.
808 828 836 852 et
855 828 953 860 postea
972 825 1015 852 die
1036 825 1205 859 competenti
1218 825 1306 858 ipsius
1326 825 1368 851 vel
1389 825 1511 858 ipsorum
1523 825 1639 858 exequie
1661 827 1831 859 peragantur

181 880 243 897 cum
264 871 389 904 placebo,
408 871 492 896 missa
512 869 704 896 defunctorum
724 871 752 895 et
772 869 877 903 vigiliis
896 868 1050 895 minoribus
1068 868 1190 895 cantatis
1210 871 1237 894 et
1257 870 1324 894 tunc
1345 870 1410 894 ante
1425 877 1561 894 summum
1580 869 1668 895 altare
1683 868 1829 894 incendan-

179 916 224 941 tur
241 915 259 941 4
278 914 400 945 candele,
420 913 488 940 item
507 913 543 940 ad
561 912 678 947 placebo
698 914 724 938 et
745 912 856 938 missam
874 913 891 938 4
909 920 1043 945 campane
1064 911 1279 945 conipulseutur.

284 967 313 991 In
332 965 455 999 exequiis
475 965 664 999 solempnibus
689 964 825 990 nobilium
845 965 960 997 propter
979 963 1081 989 multas
1101 972 1198 989 causas
1218 963 1358 989 videretur
1377 963 1519 996 expedire,
1544 965 1575 988 ut
1598 963 1687 988 solum
1706 962 1741 988 ad
1762 962 1829 987 duas

178 1009 275 1035 missas
296 1011 424 1035 cantatas
443 1017 537 1035 omnes
557 1010 681 1034 astantes
701 1008 838 1038 offerrent,
857 1007 893 1032 ad
912 1006 1033 1039 reliquas
1054 1015 1118 1032 vero
1143 1005 1241 1032 missas
1261 1006 1419 1039 ubicunque
1438 1005 1467 1031 in
1486 1005 1654 1031 monasterio
1674 1005 1762 1031 lectas
1782 1013 1830 1039 per

180 1062 277 1083 unum,
304 1052 372 1079 duos
398 1052 441 1078 vel
465 1054 521 1078 tres
544 1051 579 1077 ad
604 1052 655 1077 hoc
679 1051 845 1084 deputatum
870 1050 913 1076 vel
941 1050 1091 1083 deputatos
1115 1049 1258 1075 offerretur
1282 1058 1337 1080 una
1357 1049 1429 1077 vice.
1455 1050 1591 1082 quantum
1615 1057 1663 1082 per
1682 1048 1757 1078 illos,
1782 1048 1829 1081 qui

181 1095 311 1129 exequias
330 1095 500 1129 expedirent,
520 1094 604 1120 fuerit
624 1093 805 1123 commissum,
826 1095 853 1119 et
872 1093 910 1119 sic
931 1094 1050 1119 cessaret
1068 1092 1200 1126 strepitus
1230 1092 1260 1118 in
1279 1092 1411 1124 ecclesia,
1430 1091 1608 1125 vagaciones.
1629 1091 1831 1125 impedimenta

180 1138 340 1165 orat-ionum
361 1140 388 1164 et
407 1137 494 1163 multa
515 1137 572 1163 alia
591 1136 818 1163 inconveniencia
834 1138 894 1162 tam
915 1144 946 1162 ex
968 1138 1047 1169 parte
1067 1135 1249 1166 sacerdotum,
1269 1144 1352 1168 quani
1372 1135 1476 1169 populi.

208 1233 291 1264 Hec
319 1232 425 1263 infra
458 1233 613 1273 scripta
645 1234 735 1262 sunt
762 1231 925 1262 nomina
956 1230 1203 1271 quorundam
1235 1230 1564 1266 benefactorum.
1597 1231 1663 1271 qui
1694 1231 1804 1261 circa

181 1285 381 1326 angariam
399 1283 707 1324 Quadragesime
731 1284 769 1313 in
786 1282 960 1323 capitulo
986 1282 1251 1323 suntlegenda
1276 1285 1312 1313 et
1335 1285 1424 1312 tunc
1449 1292 1581 1313 eorum
1608 1286 1643 1313 et
1668 1282 1830 1312 omnium

180 1336 480 1367 bencfactorum
504 1335 614 1366 huius
638 1334 865 1365 monasterii
889 1333 1085 1374 speciales
1109 1334 1394 1364 anniversarios
1417 1344 1490 1364 non
1506 1333 1728 1364 habentium
1752 1333 1830 1363 sive

180 1388 405 1419 habentium
437 1391 473 1418 et
503 1387 671 1417 omnium
703 1385 880 1416 fidelium
911 1385 1097 1416 memoria
1129 1385 1214 1417 fiat.
1247 1385 1344 1415 sicut
1374 1395 1490 1425 supra
1519 1386 1555 1415 in
1579 1385 1831 1426 generalibus

707 1437 953 1468 notabilibus
986 1440 1042 1467 est
1073 1447 1309 1477 expressum.

285 1498 376 1525 Primo
395 1498 521 1525 dominus
542 1498 608 1524 Otto
629 1497 706 1523 miles
726 1497 758 1523 de
780 1497 844 1522 Vels
869 1497 946 1523 dedit
965 1497 980 1522 2
1000 1506 1082 1522 urnas·
1106 1496 1163 1522 vini
1183 1496 1301 1530 singulis
1325 1496 1404 1521 anni>
1428 1505 1477 1529 pro
1498 1496 1686 1523 consolatione
1707 1496 1831 1523 fratrum.

181 1543 251 1569 Item
280 1542 406 1568 dominus
424 1541 570 1567 Hainricus
590 1550 647 1574 eps.
668 1540 839 1566 Brixineusis
858 1540 935 1566 dedit
955 1540 1022 1566 duas
1042 1539 1132 1566 curias
1151 1539 1178 1565 iu
1199 1539 1343 1566 Grosstain
1362 1548 1411 1573 pro
1431 1539 1550 1565 remedio
1569 1539 1660 1565 anime
1679 1548 1734 1565 sue.
1762 1540 1832 1566 Item

181 1585 364 1619 Engelbertus
383 1593 474 1611 comes
492 1584 601 1610 Goricie
620 1583 697 1610 dedit
716 1583 815 1609 silvam
835 1583 909 1609 circa
929 1583 1087 1616 Kyenburg.
1107 1592 1160 1616 que
1180 1584 1242 1616 post
1262 1582 1290 1608 in
1310 1583 1413 1609 curiam
1433 1584 1475 1608 est
1493 1582 1612 1608 exculta.
1650 1584 1719 1608 Item
1739 1583 1831 1609 Fride-

182 1629 254 1655 ricus
276 1629 292 1654 1.
314 1629 346 1655 de
366 1628 513 1662 Schonegk
532 1627 609 1654 dedit
628 1627 742 1654 curiam,
762 1635 810 1660 pro
830 1636 885 1659 qua
903 1626 1036 1652 habemus
1051 1625 1154 1651 curiam
1174 1625 1202 1651 in
1223 1625 1292 1651 Plan
1311 1626 1338 1651 in
1358 1625 1554 1651 Puchenstain.
1592 1627 1661 1652 Item
1685 1626 1833 1652 Hainricus

183 1671 309 1698 sacerdos
337 1671 370 1698 de
394 1670 548 1697 Habichaw
574 1670 650 1696 dedit
681 1670 837 1697 decretum.
866 1669 1000 1696 lecturum
1024 1668 1146 1695 eiusdem
1175 1671 1203 1695 et
1226 1668 1313 1694 alium
1341 1668 1450 1694 librum,
1489 1669 1557 1694 Item
1582 1669 1739 1695 Purkardus
1759 1670 1775 1695 I.
1801 1670 1833 1696 de

184 1715 250 1740 Vels
275 1714 352 1741 dedit
371 1714 498 1748 predium
524 1713 551 1739 in
571 1713 707 1740 Katernat
732 1715 760 1739 et
780 1713 889 1739 vineam
909 1721 991 1738 unani
1017 1711 1045 1737 in
1065 1711 1184 1745 Cainpill
1212 1719 1318 1737 necnon
1345 1711 1418 1737 ovile
1444 1712 1536 1738 ovium
1558 1712 1585 1737 111
1611 1713 1725 1739 Greden.
1763 1714 1833 1739 Item

184 1757 358 1791 Sigessxohua
378 1757 534 1791 Rudigerus
558 1759 585 1783 et
606 1757 729 1782 Traboto
755 1757 854 1782 fratres
873 1755 1050 1781 contulerunt
1074 1755 1127 1780 duo
1152 1754 1258 1780 allodia
1281 1754 1308 1779 iu
1333 1754 1479 1780 Schallers.
1521 1756 1590 1781 Item
1610 1756 1772 1781 Chunradus
1800 1756 1833 1781 de

185 1800 397 1826 Pawmkirchen
423 1803 451 1826 et
475 1799 607 1826 Albertus
629 1802 710 1833 pater
740 1798 799 1824 eius
824 1798 959 1824 dederunt
982 1806 1089 1823 marcus
1116 1797 1153 1823 10.
1191 1797 1260 1823 Item
1287 1797 1448 1823 Meehtildis
1471 1807 1540 1824 uxor
1559 1797 1694 1824 Purkardi
1714 1799 1834 1825 contulit

184 1843 289 1869 curiam
315 1843 439 1869 Bustuel.
489 1843 558 1869 Item
583 1842 710 1868 dominus
736 1840 884 1867 Hainricus
910 1841 984 1874 pleb.
1013 1841 1041 1866 in
1067 1840 1146 1866 Stilt's
1174 1840 1280 1874 Iegavst
1305 1840 1473 1866 monasterio
1501 1841 1606 1866 curiam
1636 1841 1833 1868 armentariam

184 1886 213 1911 in
234 1886 380 1912 Schallers.
417 1887 487 1912 Item
507 1886 661 1911 Bernherus
686 1885 719 1911 de
739 1885 804 1911 Vels
824 1884 943 1910 contulit
962 1893 1045 1909 unum
1066 1883 1191 1916 predium
1217 1883 1245 1908 iu
1265 1883 1378 1909 Piiwren
1404 1885 1432 1908 et
1456 1892 1538 1909 unuin
1562 1883 1590 1909 in
1616 1884 1725 1917 Stegen.
1764 1885 1833 1911 Item

184 1929 310 1955 dominus
329 1929 438 1955 Uli-icus
458 1929 558 1955 nobilis
586 1928 703 1954 contulit
731 1927 898 1953 monasterio
922 1935 1030 1952 marcas
1051 1926 1089 1952 10.
1127 1927 1197 1951 Item
1215 1925 1323 1959 Minigo
1347 1926 1544 1959 prebendarius
1564 1926 1641 1953 dedit
1662 1927 1788 1960 predium
1807 1927 1834 1953 in

185 1972 264 1998 Nata
302 1973 373 1998 Item
392 1972 574 1998 Perchtoldus
588 1972 605 1998 1.
620 1971 696 1998 dedit
716 1980 814 2005 agrum
833 1970 861 1996 in
874 1970 984 2003 Stegen.
1022 1970 1090 1995 Item
1106 1969 1240 1995 Geroldus
1259 1969 1292 1995 de
1306 1969 1422 1995 Rodank
1437 1969 1513 1995 dedit
1532 1969 1636 1995 curiam
1656 1969 1683 1995 in
1698 1970 1833 2004 Algunde.

186 2015 253 2041 Item
275 2015 442 2042 Heinbertus
460 2015 551 2041 iunior
570 2015 602 2041 de
624 2014 687 2041 Vels
707 2014 783 2040 dedit
803 2022 911 2040 marcas
933 2014 971 2039 10.
1011 2013 1079 2039 Item
1103 2012 1251 2039 Elizabeth
1277 2011 1510 2045 Liebenbergerin
1534 2012 1653 2039 contulit
1677 2021 1782 2039 marcas
1804 2015 1835 2040 lO

185 2067 233 2092 pro
253 2058 373 2085 remedio
393 2058 483 2084 anime
504 2067 559 2084 sue.
598 2058 668 2084 Item
687 2056 871 2083 Berchtoldus
895 2057 926 2082 de
951 2056 1066 2082 Gschiez
1093 2055 1170 2081 dedit
1195 2064 1302 2081 marcas
1321 2056 1337 2081 6
1356 2064 1405 2088 pro
1425 2055 1439 2080 2
1459 2055 1586 2081 sextariis
1606 2055 1664 2081 vini
1684 2055 1835 2081 commuui-

185 2101 314 2127 cantibus
339 2101 367 2127 in
391 2101 488 2134 quinta
518 2103 544 2127 et
565 2103 644 2126 sexta
671 2100 741 2126 feria
761 2099 900 2126 Passionis
919 2098 1029 2125 Domini
1057 2098 1262 2130 ministrandist
1292 2100 1321 2124 et
1348 2098 1478 2124 memoria
1508 2098 1566 2124 eius
1590 2098 1726 2124 habenda.
1763 2099 1834 2125 Item

186 2144 312 2171 dominus
332 2144 499 2170 XVsshelmus
524 2144 557 2169 (le
581 2143 726 2177 Sclionegk
752 2142 869 2169 contulit
893 2142 1019 2176 predium
1046 2142 1073 2168 in
1102 2141 1235 2175 Aychach
1261 2150 1343 2174 super
1367 2143 1488 2167 Pawren.
1524 2142 1594 2167 Item
1614 2141 1797 2167 Perchtoldus
1816 2141 1834 2166 1.

186 2187 307 2213 contulit
325 2187 452 2221 predium
472 2187 499 2213 in
519 2187 575 2213 Raz
601 2195 662 2212 cum
688 2186 743 2212 suis
763 2185 932 2212 attinenciis.
975 2185 1045 2211 Item
1070 2184 1141 2210 Rixa
1160 2185 1196 2210 Ia.
1225 2185 1258 2211 de
1283 2184 1430 2218 80110001ςὸΓ
1455 2183 1532 2210 dedit
1556 2186 1661 2210 curtem
1687 2192 1749 2209 cum
1766 2183 1835 2210 ovili

186 2230 212 2255 in
234 2229 357 2261 Kalfusk,
386 2233 416 2256 ut
447 2230 474 2255 in
500 2230 631 2256 mandato
661 2238 815 2263 pauperum
843 2228 1036 2262 expendantur
1064 2228 1097 2254 30
1109 2229 1130 2260 o).
1173 2228 1243 2254 Item
1271 2227 1437 2253 Reinbertus
1464 2227 1536 2252 filius
1563 2227 1657 2253 fratris
1680 2226 1835 2253 fundatoris

186 2273 283 2304 nostri,
312 2281 390 2307 ppos
410 2273 596 2302 Brixinensis,
625 2273 745 2299 contulit
772 2272 876 2298 hubam
904 2281 988 2298 unam
1016 2271 1044 2296 in
1062 2271 1119 2297 Raz
1145 2273 1173 2297 et
1198 2271 1303 2296 curiam
1322 2270 1433 2296 Fletsch
1463 2272 1491 2296 et
1517 2269 1661 2295 dimidiam
1684 2269 1788 2295 hubam
1806 2269 1835 2295 in

186 2316 327 2342 Laczfons.
364 2317 435 2342 Item
455 2316 582 2342 dominus
603 2316 713 2341 Ulricus
732 2324 810 2349 ppos,
831 2314 999 2341 Brixinensis
1019 2314 1138 2340 contulit
1160 2316 1271 2347 pratum
1291 2313 1318 2338 in
1339 2313 1459 2338 Brixina.
1498 2313 1567 2339 Item
1588 2312 1745 2338 Purkardus
1764 2312 1782 2338 l.
1802 2313 1834 2338 de

187 2359 275 2385 Seben
301 2359 420 2385 contulit
448 2360 529 2386 ovile.
575 2360 645 2385 Item
674 2358 822 2384 Hainricns
849 2359 881 2384 de
903 2358 1061 2391 Voytsperg
1089 2357 1165 2383 dedit
1196 2357 1263 2382 duos
1291 2364 1372 2389 agros
1399 2355 1426 2381 in
1455 2356 1552 2388 Gryez.
1598 2355 1680 2388 [Item
1710 2355 1835 2381 dominns

187 2402 323 2428 Iohannes
343 2402 464 2428 Oswaldi
485 2403 517 2428 de
538 2402 641 2432 Varen,
661 2402 688 2427 in
709 2401 827 2427 decretis
846 2401 1001 2427 Iicertiatus
1027 2403 1055 2426 et
1075 2402 1157 2426 confr.
1177 2409 1210 2430 n..
1230 2399 1337 2433 legavit
1355 2398 1522 2425 monasterio
1541 2400 1631 2424 totum
1650 2406 1749 2431 corpus
1768 2398 1836 2423 iuris

187 2453 249 2470 cum
277 2445 340 2471 aliis
367 2445 445 2471 libris
475 2446 506 2471 14
526 2453 638 2471 numero
667 2447 695 2470 et
722 2453 805 2470 unam
830 2444 955 2470 tunicam
983 2444 1015 2470 de
1044 2443 1186 2469 Schamlot
1215 2444 1243 2468 et
1267 2451 1352 2468 uuum
1376 2443 1512 2475 tapetum.
1554 2441 1624 2467 Item
1643 2441 1835 2474 Sigismnndus

185 2487 310 2514 Mnrator
337 2487 444 2522 legavit
469 2488 636 2515 monasterio
664 2496 771 2514 marcas
792 2487 830 2512 11.
877 2487 946 2512 Item
967 2486 1123 2512 Leon-ardus
1143 2485 1280 2519 Yeringer
1308 2487 1334 2510 et
1364 2494 1431 2510 uxor
1456 2483 1513 2509 eius
1537 2483 1700 2509 dimiserunt
1725 2483 1835 2509 domino

187 2530 311 2556 Gabrieli
337 2531 469 2557 confratri
494 2534 602 2563 nostro,
632 2540 725 2558 eorum
754 2530 821 2561 filio.
850 2529 908 2556 iure
937 2528 1106 2556 hereditario
1131 2529 1241 2554 domum
1268 2536 1351 2554 unam
1376 2536 1437 2552 cum
1456 2528 1516 2553 orto
1535 2527 1562 2552 in
1582 2526 1728 2560 Insprugk.
1765 2527 1835 2552 Item

187 2573 334 2599 Udalricus
353 2573 444 2600 dictus
464 2574 585 2600 Kalbvel
613 2576 641 2600 et
668 2582 736 2600 uxor
762 2573 833 2602 eius,
862 2572 951 2598 amica
977 2572 1046 2598 dicti
1073 2571 1219 2597 confratris
1238 2570 1336 2600 nostri,
1366 2569 1530 2603 legaverunt
1549 2569 1601 2595 sibi
1621 2571 1650 2595 et
1668 2569 1836 2595 monasterio

187 2624 295 2642 marcas
315 2617 346 2642 15
365 2625 427 2642 cum
446 2616 569 2642 dimidia.
617 2617 687 2642 Item
706 2624 722 2641 a
742 2615 884 2642 Leonardo
912 2614 1018 2648 pictore
1048 2615 1081 2641 de
1101 2614 1231 2644 Brixina,
1261 2615 1340 2647 patre
1368 2612 1471 2638 domini
1496 2612 1639 2643 Ieronimi,
1668 2611 1755 2638 nostri
1774 2621 1836 2638 con-

187 2658 289 2689 fratris,
309 2662 495 2692 provenerunt
513 2659 681 2686 monasterio
699 2661 793 2685 nostro
811 2667 902 2684 marce
922 2659 967 2688 20.
997 2658 1125 2684 similiter
1149 2666 1165 2683 a
1184 2657 1277 2683 Marco
1297 2656 1416 2690 pictore,
1441 2654 1510 2681 dicti
1531 2654 1677 2681 confratris
1696 2663 1835 2688 gennano,

188 2709 278 2727 marce
300 2702 331 2728 10
350 2702 378 2728 in
397 2702 548 2729 remedium
567 2702 721 2728 animarum
741 2710 860 2727 suarum.
880 2701 1003 2735 impense
1022 2709 1071 2734 pro
1092 2701 1169 2726 cultu
1188 2699 1302 2733 divino]
