<?xml version="1.0" encoding="UTF-8"?>
<!DOCTYPE html PUBLIC "-//W3C//DTD XHTML 1.0 Transitional//EN"
    "http://www.w3.org/TR/xhtml1/DTD/xhtml1-transitional.dtd">
<html xmlns="http://www.w3.org/1999/xhtml" xml:lang="en" lang="en">
 <head>
  <title>
</title>
<meta http-equiv="Content-Type" content="text/html;charset=utf-8" />
  <meta name='ocr-system' content='tesseract 3.04.00' />
  <meta name='ocr-capabilities' content='ocr_page ocr_carea ocr_par ocr_line ocrx_word'/>
</head>
<body>
  <div class='ocr_page' id='page_1' title='image "./monumentagenecro03geseuoft_0372.png"; bbox 0 0 2085 2999; ppageno 0'>
   <div class='ocr_carea' id='block_1_1' title="bbox 199 119 260 150">
    <p class='ocr_par' dir='ltr' id='par_1_1' title="bbox 199 119 260 150">
     <span class='ocr_line' id='line_1_1' title="bbox 199 119 260 150; baseline 0.033 -2"><span class='ocrx_word' id='word_1_1' title='bbox 199 119 260 150; x_wconf 72' lang='lat'><strong>356</strong></span> 
     </span>
    </p>
   </div>
   <div class='ocr_carea' id='block_1_2' title="bbox 313 219 375 237">
    <p class='ocr_par' dir='ltr' id='par_1_2' title="bbox 313 219 375 237">
     <span class='ocr_line' id='line_1_2' title="bbox 313 219 375 237; baseline -0.016 0"><span class='ocrx_word' id='word_1_2' title='bbox 313 219 375 237; x_wconf 78' lang='grc' dir='ltr'><strong>ΠΟΠ.</strong></span> 
     </span>
    </p>
   </div>
   <div class='ocr_carea' id='block_1_3' title="bbox 197 253 372 1184">
    <p class='ocr_par' dir='ltr' id='par_1_3' title="bbox 197 253 372 1184">
     <span class='ocr_line' id='line_1_3' title="bbox 224 253 351 280; baseline -0.008 0"><span class='ocrx_word' id='word_1_3' title='bbox 224 254 298 280; x_wconf 69' lang='lat' dir='ltr'><strong>VIII.</strong></span> <span class='ocrx_word' id='word_1_4' title='bbox 313 253 351 279; x_wconf 86' lang='lat' dir='ltr'><strong>id.</strong></span> 
     </span>
     <span class='ocr_line' id='line_1_4' title="bbox 237 296 348 323; baseline -0.009 0"><span class='ocrx_word' id='word_1_5' title='bbox 237 297 297 323; x_wconf 87' lang='lat' dir='ltr'><strong>VII.</strong></span> <span class='ocrx_word' id='word_1_6' title='bbox 311 296 348 322; x_wconf 87' lang='lat' dir='ltr'><strong>id.</strong></span> 
     </span>
     <span class='ocr_line' id='line_1_5' title="bbox 255 339 350 365; baseline 0 0"><span class='ocrx_word' id='word_1_7' title='bbox 255 340 299 365; x_wconf 93' lang='lat' dir='ltr'><strong>VI.</strong></span> <span class='ocrx_word' id='word_1_8' title='bbox 313 339 350 365; x_wconf 85' lang='lat' dir='ltr'><strong>id.</strong></span> 
     </span>
     <span class='ocr_line' id='line_1_6' title="bbox 267 382 349 409; baseline 0.012 -1"><span class='ocrx_word' id='word_1_9' title='bbox 267 383 298 409; x_wconf 96' lang='lat' dir='ltr'><strong>V.</strong></span> <span class='ocrx_word' id='word_1_10' title='bbox 313 382 349 409; x_wconf 86' lang='lat' dir='ltr'><strong>id.</strong></span> 
     </span>
     <span class='ocr_line' id='line_1_7' title="bbox 268 425 351 452; baseline 0 0"><span class='ocrx_word' id='word_1_11' title='bbox 268 426 301 452; x_wconf 90' lang='grc' dir='ltr'><strong>ΙΙ.</strong></span> <span class='ocrx_word' id='word_1_12' title='bbox 314 425 351 452; x_wconf 89' lang='lat' dir='ltr'><strong>id.</strong></span> 
     </span>
     <span class='ocr_line' id='line_1_8' title="bbox 314 469 350 495; baseline 0 -1"><span class='ocrx_word' id='word_1_13' title='bbox 314 469 350 495; x_wconf 88' lang='lat' dir='ltr'><strong>id.</strong></span> 
     </span>
     <span class='ocr_line' id='line_1_9' title="bbox 197 511 370 540; baseline -0.017 0"><span class='ocrx_word' id='word_1_14' title='bbox 197 513 298 540; x_wconf 86' lang='lat' dir='ltr'>XVIII.</span> <span class='ocrx_word' id='word_1_15' title='bbox 313 511 370 538; x_wconf 79' lang='lat' dir='ltr'><strong>kal.</strong></span> 
     </span>
     <span class='ocr_line' id='line_1_10' title="bbox 209 554 364 582; baseline -0.013 0"><span class='ocrx_word' id='word_1_16' title='bbox 209 556 296 582; x_wconf 90' lang='lat' dir='ltr'><strong>XVII.</strong></span> <span class='ocrx_word' id='word_1_17' title='bbox 310 554 364 581; x_wconf 84' lang='lat' dir='ltr'><strong>kal.</strong></span> 
     </span>
     <span class='ocr_line' id='line_1_11' title="bbox 224 597 368 625; baseline -0.014 0"><span class='ocrx_word' id='word_1_18' title='bbox 224 598 297 625; x_wconf 89' lang='lat' dir='ltr'><strong>XVI.</strong></span> <span class='ocrx_word' id='word_1_19' title='bbox 311 597 368 624; x_wconf 83' lang='lat' dir='ltr'><strong>kal.</strong></span> 
     </span>
     <span class='ocr_line' id='line_1_12' title="bbox 238 640 367 668; baseline -0.016 0"><span class='ocrx_word' id='word_1_20' title='bbox 238 641 298 668; x_wconf 88' lang='lat' dir='ltr'><strong>XV.</strong></span> <span class='ocrx_word' id='word_1_21' title='bbox 311 640 367 666; x_wconf 82' lang='lat' dir='ltr'><strong>kal.</strong></span> 
     </span>
     <span class='ocr_line' id='line_1_13' title="bbox 225 683 370 711; baseline -0.014 0"><span class='ocrx_word' id='word_1_22' title='bbox 225 684 300 711; x_wconf 89' lang='lat' dir='ltr'><strong>XIV.</strong></span> <span class='ocrx_word' id='word_1_23' title='bbox 313 683 370 710; x_wconf 82' lang='lat' dir='ltr'><strong>kal.</strong></span> 
     </span>
     <span class='ocr_line' id='line_1_14' title="bbox 224 726 370 754; baseline -0.014 0"><span class='ocrx_word' id='word_1_24' title='bbox 224 727 300 754; x_wconf 86' lang='lat' dir='ltr'><strong>XIII.</strong></span> <span class='ocrx_word' id='word_1_25' title='bbox 313 726 370 752; x_wconf 84' lang='lat' dir='ltr'><strong>kal.</strong></span> 
     </span>
     <span class='ocr_line' id='line_1_15' title="bbox 239 769 369 796; baseline -0.008 0"><span class='ocrx_word' id='word_1_26' title='bbox 239 770 298 796; x_wconf 89' lang='lat' dir='ltr'><strong>XII.</strong></span> <span class='ocrx_word' id='word_1_27' title='bbox 313 769 369 796; x_wconf 85' lang='lat' dir='ltr'><strong>kal.</strong></span> 
     </span>
     <span class='ocr_line' id='line_1_16' title="bbox 250 812 369 839; baseline 0 -1"><span class='ocrx_word' id='word_1_28' title='bbox 250 813 297 839; x_wconf 87' lang='lat' dir='ltr'><strong>XI.</strong></span> <span class='ocrx_word' id='word_1_29' title='bbox 312 812 369 838; x_wconf 80' lang='lat' dir='ltr'><strong>kal.</strong></span> 
     </span>
     <span class='ocr_line' id='line_1_17' title="bbox 266 855 370 882; baseline -0.01 0"><span class='ocrx_word' id='word_1_30' title='bbox 266 856 299 882; x_wconf 96' lang='lat' dir='ltr'><strong>X.</strong></span> <span class='ocrx_word' id='word_1_31' title='bbox 312 855 370 882; x_wconf 81' lang='lat' dir='ltr'><strong>kal.</strong></span> 
     </span>
     <span class='ocr_line' id='line_1_18' title="bbox 250 898 369 925; baseline -0.008 0"><span class='ocrx_word' id='word_1_32' title='bbox 250 899 298 925; x_wconf 90' lang='lat' dir='ltr'><strong>IX.</strong></span> <span class='ocrx_word' id='word_1_33' title='bbox 312 898 369 924; x_wconf 80' lang='lat' dir='ltr'><strong>kal.</strong></span> 
     </span>
     <span class='ocr_line' id='line_1_19' title="bbox 225 941 368 968; baseline -0.014 0"><span class='ocrx_word' id='word_1_34' title='bbox 225 942 300 968; x_wconf 83' lang='lat' dir='ltr'><strong>VIII.</strong></span> <span class='ocrx_word' id='word_1_35' title='bbox 313 941 368 967; x_wconf 82' lang='lat' dir='ltr'><strong>kal.</strong></span> 
     </span>
     <span class='ocr_line' id='line_1_20' title="bbox 238 984 369 1012; baseline 0 -2"><span class='ocrx_word' id='word_1_36' title='bbox 238 985 299 1012; x_wconf 85' lang='lat' dir='ltr'><strong>VII.</strong></span> <span class='ocrx_word' id='word_1_37' title='bbox 313 984 369 1011; x_wconf 81' lang='lat' dir='ltr'><strong>kal.</strong></span> 
     </span>
     <span class='ocr_line' id='line_1_21' title="bbox 268 1027 370 1054; baseline -0.01 0"><span class='ocrx_word' id='word_1_38' title='bbox 268 1028 301 1054; x_wconf 92' lang='lat' dir='ltr'><strong>V.</strong></span> <span class='ocrx_word' id='word_1_39' title='bbox 314 1027 370 1054; x_wconf 86' lang='lat' dir='ltr'><strong>kal.</strong></span> 
     </span>
     <span class='ocr_line' id='line_1_22' title="bbox 256 1071 372 1098; baseline -0.017 0"><span class='ocrx_word' id='word_1_40' title='bbox 256 1071 302 1098; x_wconf 89' lang='lat' dir='ltr'><strong>IV.</strong></span> <span class='ocrx_word' id='word_1_41' title='bbox 316 1071 372 1097; x_wconf 84' lang='lat' dir='ltr'><strong>kal.</strong></span> 
     </span>
     <span class='ocr_line' id='line_1_23' title="bbox 253 1114 371 1141; baseline -0.008 0"><span class='ocrx_word' id='word_1_42' title='bbox 253 1115 301 1141; x_wconf 89' lang='lat' dir='ltr'><strong>III.</strong></span> <span class='ocrx_word' id='word_1_43' title='bbox 314 1114 371 1140; x_wconf 86' lang='lat' dir='ltr'><strong>kal.</strong></span> 
     </span>
     <span class='ocr_line' id='line_1_24' title="bbox 262 1156 369 1184; baseline -0.009 -1"><span class='ocrx_word' id='word_1_44' title='bbox 262 1158 299 1184; x_wconf 92' lang='lat' dir='ltr'><strong>II.</strong></span> <span class='ocrx_word' id='word_1_45' title='bbox 312 1156 369 1183; x_wconf 82' lang='lat' dir='ltr'><strong>kal.</strong></span> 
     </span>
    </p>
   </div>
   <div class='ocr_carea' id='block_1_4' title="bbox 252 1312 377 1424">
    <p class='ocr_par' dir='ltr' id='par_1_4' title="bbox 252 1312 377 1424">
     <span class='ocr_line' id='line_1_25' title="bbox 252 1312 375 1338; baseline 0 0"><span class='ocrx_word' id='word_1_46' title='bbox 252 1312 300 1338; x_wconf 86' lang='lat' dir='ltr'><strong>VI.</strong></span> <span class='ocrx_word' id='word_1_47' title='bbox 313 1321 375 1338; x_wconf 87' lang='lat' dir='ltr'><strong>non.</strong></span> 
     </span>
     <span class='ocr_line' id='line_1_26' title="bbox 269 1355 377 1381; baseline -0.009 0"><span class='ocrx_word' id='word_1_48' title='bbox 269 1355 302 1381; x_wconf 90' lang='lat' dir='ltr'><strong>V.</strong></span> <span class='ocrx_word' id='word_1_49' title='bbox 316 1363 377 1381; x_wconf 86' lang='lat' dir='ltr'><strong>non.</strong></span> 
     </span>
     <span class='ocr_line' id='line_1_27' title="bbox 253 1399 377 1424; baseline 0 0"><span class='ocrx_word' id='word_1_50' title='bbox 253 1399 299 1424; x_wconf 90' lang='lat' dir='ltr'><strong>IV.</strong></span> <span class='ocrx_word' id='word_1_51' title='bbox 313 1406 377 1424; x_wconf 85' lang='lat' dir='ltr'><strong>non.</strong></span> 
     </span>
    </p>
   </div>
   <div class='ocr_carea' id='block_1_5' title="bbox 268 1441 378 1467">
    <p class='ocr_par' dir='ltr' id='par_1_5' title="bbox 268 1441 378 1467">
     <span class='ocr_line' id='line_1_28' title="bbox 268 1441 378 1467; baseline 0 0"><span class='ocrx_word' id='word_1_52' title='bbox 268 1441 302 1467; x_wconf 89' lang='lat' dir='ltr'><strong>II.</strong></span> <span class='ocrx_word' id='word_1_53' title='bbox 316 1449 378 1467; x_wconf 86' lang='lat' dir='ltr'><strong>non.</strong></span> 
     </span>
    </p>
   </div>
   <div class='ocr_carea' id='block_1_6' title="bbox 216 1493 378 2458">
    <p class='ocr_par' dir='ltr' id='par_1_6' title="bbox 216 1493 378 2458">
     <span class='ocr_line' id='line_1_29' title="bbox 315 1493 378 1510; baseline -0.016 0"><span class='ocrx_word' id='word_1_54' title='bbox 315 1493 378 1510; x_wconf 84' lang='lat' dir='ltr'><strong>non.</strong></span> 
     </span>
     <span class='ocr_line' id='line_1_30' title="bbox 230 1526 355 1554; baseline 0 -1"><span class='ocrx_word' id='word_1_55' title='bbox 230 1527 304 1554; x_wconf 88' lang='lat' dir='ltr'><strong>VIII.</strong></span> <span class='ocrx_word' id='word_1_56' title='bbox 318 1526 355 1553; x_wconf 78' lang='lat' dir='ltr'><strong>id.</strong></span> 
     </span>
     <span class='ocr_line' id='line_1_31' title="bbox 242 1570 351 1596; baseline -0.009 0"><span class='ocrx_word' id='word_1_57' title='bbox 242 1571 302 1596; x_wconf 90' lang='lat' dir='ltr'><strong>VII.</strong></span> <span class='ocrx_word' id='word_1_58' title='bbox 316 1570 351 1596; x_wconf 86' lang='lat' dir='ltr'><strong>id.</strong></span> 
     </span>
     <span class='ocr_line' id='line_1_32' title="bbox 258 1613 355 1639; baseline -0.01 0"><span class='ocrx_word' id='word_1_59' title='bbox 258 1613 305 1639; x_wconf 87' lang='lat' dir='ltr'><strong>VI.</strong></span> <span class='ocrx_word' id='word_1_60' title='bbox 319 1613 355 1639; x_wconf 76' lang='lat' dir='ltr'><strong>id.</strong></span> 
     </span>
     <span class='ocr_line' id='line_1_33' title="bbox 271 1656 355 1683; baseline 0 -2"><span class='ocrx_word' id='word_1_61' title='bbox 271 1656 305 1683; x_wconf 91' lang='lat' dir='ltr'><strong>V.</strong></span> <span class='ocrx_word' id='word_1_62' title='bbox 319 1656 355 1682; x_wconf 87' lang='lat' dir='ltr'><strong>id.</strong></span> 
     </span>
     <span class='ocr_line' id='line_1_34' title="bbox 258 1699 356 1726; baseline -0.01 0"><span class='ocrx_word' id='word_1_63' title='bbox 258 1700 304 1726; x_wconf 88' lang='lat' dir='ltr'><strong>IV.</strong></span> <span class='ocrx_word' id='word_1_64' title='bbox 319 1699 356 1725; x_wconf 84' lang='lat' dir='ltr'><strong>id.</strong></span> 
     </span>
     <span class='ocr_line' id='line_1_35' title="bbox 271 1741 355 1769; baseline -0.024 0"><span class='ocrx_word' id='word_1_65' title='bbox 271 1743 305 1769; x_wconf 92' lang='lat' dir='ltr'><strong>II.</strong></span> <span class='ocrx_word' id='word_1_66' title='bbox 320 1741 355 1768; x_wconf 85' lang='lat' dir='ltr'><strong>id.</strong></span> 
     </span>
     <span class='ocr_line' id='line_1_36' title="bbox 317 1785 353 1811; baseline 0 0"><span class='ocrx_word' id='word_1_67' title='bbox 317 1785 353 1811; x_wconf 85' lang='lat' dir='ltr'><strong>id.</strong></span> 
     </span>
     <span class='ocr_line' id='line_1_37' title="bbox 216 1828 374 1856; baseline -0.013 0"><span class='ocrx_word' id='word_1_68' title='bbox 216 1829 304 1856; x_wconf 87' lang='lat' dir='ltr'><strong>XVII.</strong></span> <span class='ocrx_word' id='word_1_69' title='bbox 318 1828 374 1855; x_wconf 80' lang='lat' dir='ltr'><strong>kal.</strong></span> 
     </span>
     <span class='ocr_line' id='line_1_38' title="bbox 229 1871 373 1898; baseline -0.007 0"><span class='ocrx_word' id='word_1_70' title='bbox 229 1872 303 1898; x_wconf 88' lang='lat' dir='ltr'><strong>XVI.</strong></span> <span class='ocrx_word' id='word_1_71' title='bbox 316 1871 373 1898; x_wconf 86' lang='lat' dir='ltr'><strong>kal.</strong></span> 
     </span>
     <span class='ocr_line' id='line_1_39' title="bbox 243 1915 373 1941; baseline -0.008 0"><span class='ocrx_word' id='word_1_72' title='bbox 243 1915 303 1941; x_wconf 88' lang='lat' dir='ltr'><strong>XV.</strong></span> <span class='ocrx_word' id='word_1_73' title='bbox 316 1915 373 1941; x_wconf 80' lang='lat' dir='ltr'><strong>kal.</strong></span> 
     </span>
     <span class='ocr_line' id='line_1_40' title="bbox 229 1957 373 1984; baseline -0.007 0"><span class='ocrx_word' id='word_1_74' title='bbox 229 1958 302 1984; x_wconf 88' lang='lat' dir='ltr'><strong>XIV.</strong></span> <span class='ocrx_word' id='word_1_75' title='bbox 316 1957 373 1983; x_wconf 80' lang='lat' dir='ltr'><strong>kal.</strong></span> 
     </span>
     <span class='ocr_line' id='line_1_41' title="bbox 229 2000 374 2027; baseline -0.007 0"><span class='ocrx_word' id='word_1_76' title='bbox 229 2001 303 2027; x_wconf 84' lang='lat' dir='ltr'><strong>XIII.</strong></span> <span class='ocrx_word' id='word_1_77' title='bbox 317 2000 374 2026; x_wconf 82' lang='lat' dir='ltr'><strong>kal.</strong></span> 
     </span>
     <span class='ocr_line' id='line_1_42' title="bbox 244 2044 374 2070; baseline -0.008 0"><span class='ocrx_word' id='word_1_78' title='bbox 244 2044 304 2070; x_wconf 90' lang='lat' dir='ltr'><strong>XII.</strong></span> <span class='ocrx_word' id='word_1_79' title='bbox 318 2044 374 2070; x_wconf 77' lang='lat' dir='ltr'><strong>kal.</strong></span> 
     </span>
     <span class='ocr_line' id='line_1_43' title="bbox 256 2087 375 2114; baseline 0 -1"><span class='ocrx_word' id='word_1_80' title='bbox 256 2087 303 2113; x_wconf 90' lang='lat' dir='ltr'><strong>XI.</strong></span> <span class='ocrx_word' id='word_1_81' title='bbox 317 2088 375 2114; x_wconf 84' lang='lat' dir='ltr'><strong>kal.</strong></span> 
     </span>
     <span class='ocr_line' id='line_1_44' title="bbox 272 2130 374 2157; baseline -0.01 0"><span class='ocrx_word' id='word_1_82' title='bbox 272 2130 304 2157; x_wconf 88' lang='lat' dir='ltr'><strong>X.</strong></span> <span class='ocrx_word' id='word_1_83' title='bbox 318 2131 374 2157; x_wconf 82' lang='lat' dir='ltr'><strong>kal.</strong></span> 
     </span>
     <span class='ocr_line' id='line_1_45' title="bbox 256 2173 372 2200; baseline 0.009 -1"><span class='ocrx_word' id='word_1_84' title='bbox 256 2173 303 2200; x_wconf 86' lang='lat' dir='ltr'><strong>IX.</strong></span> <span class='ocrx_word' id='word_1_85' title='bbox 317 2173 372 2200; x_wconf 81' lang='lat' dir='ltr'><strong>kal.</strong></span> 
     </span>
     <span class='ocr_line' id='line_1_46' title="bbox 231 2217 374 2243; baseline 0.007 -1"><span class='ocrx_word' id='word_1_86' title='bbox 231 2217 304 2242; x_wconf 90' lang='lat' dir='ltr'><strong>VIII.</strong></span> <span class='ocrx_word' id='word_1_87' title='bbox 319 2217 374 2243; x_wconf 78' lang='lat' dir='ltr'><strong>kal.</strong></span> 
     </span>
     <span class='ocr_line' id='line_1_47' title="bbox 242 2259 374 2286; baseline -0.015 0"><span class='ocrx_word' id='word_1_88' title='bbox 242 2260 303 2286; x_wconf 75' lang='lat' dir='ltr'><strong>VII.</strong></span> <span class='ocrx_word' id='word_1_89' title='bbox 318 2259 374 2285; x_wconf 83' lang='lat' dir='ltr'><strong>kal.</strong></span> 
     </span>
     <span class='ocr_line' id='line_1_48' title="bbox 259 2302 375 2328; baseline 0 0"><span class='ocrx_word' id='word_1_90' title='bbox 259 2302 305 2328; x_wconf 91' lang='lat' dir='ltr'><strong>VI.</strong></span> <span class='ocrx_word' id='word_1_91' title='bbox 318 2302 375 2328; x_wconf 81' lang='lat' dir='ltr'><strong>kal.</strong></span> 
     </span>
     <span class='ocr_line' id='line_1_49' title="bbox 274 2345 376 2371; baseline 0.01 -1"><span class='ocrx_word' id='word_1_92' title='bbox 274 2345 307 2371; x_wconf 91' lang='lat' dir='ltr'><strong>V.</strong></span> <span class='ocrx_word' id='word_1_93' title='bbox 321 2345 376 2371; x_wconf 80' lang='lat' dir='ltr'><strong>kal.</strong></span> 
     </span>
     <span class='ocr_line' id='line_1_50' title="bbox 258 2389 374 2415; baseline 0.009 -1"><span class='ocrx_word' id='word_1_94' title='bbox 258 2389 303 2414; x_wconf 79' lang='lat' dir='ltr'><strong>IV.</strong></span> <span class='ocrx_word' id='word_1_95' title='bbox 317 2389 374 2415; x_wconf 84' lang='lat' dir='ltr'><strong>kal.</strong></span> 
     </span>
     <span class='ocr_line' id='line_1_51' title="bbox 259 2432 376 2458; baseline -0.009 0"><span class='ocrx_word' id='word_1_96' title='bbox 259 2433 307 2458; x_wconf 85' lang='lat' dir='ltr'><strong>III.</strong></span> <span class='ocrx_word' id='word_1_97' title='bbox 321 2432 376 2458; x_wconf 80' lang='lat' dir='ltr'><strong>kal.</strong></span> 
     </span>
    </p>
   </div>
   <div class='ocr_carea' id='block_1_7' title="bbox 321 2577 377 2603">
    <p class='ocr_par' dir='ltr' id='par_1_7' title="bbox 321 2577 377 2603">
     <span class='ocr_line' id='line_1_52' title="bbox 321 2577 377 2603; baseline 0 0"><span class='ocrx_word' id='word_1_98' title='bbox 321 2577 377 2603; x_wconf 79' lang='lat' dir='ltr'><strong>kal.</strong></span> 
     </span>
    </p>
   </div>
   <div class='ocr_carea' id='block_1_8' title="bbox 264 2621 388 2732">
    <p class='ocr_par' dir='ltr' id='par_1_8' title="bbox 264 2621 388 2732">
     <span class='ocr_line' id='line_1_53' title="bbox 264 2621 387 2646; baseline 0 0"><span class='ocrx_word' id='word_1_99' title='bbox 264 2621 310 2646; x_wconf 80' lang='lat' dir='ltr'><strong>IV.</strong></span> <span class='ocrx_word' id='word_1_100' title='bbox 324 2629 387 2646; x_wconf 88' lang='lat' dir='ltr'><strong>non.</strong></span> 
     </span>
     <span class='ocr_line' id='line_1_54' title="bbox 264 2663 388 2688; baseline 0 0"><span class='ocrx_word' id='word_1_101' title='bbox 264 2663 311 2688; x_wconf 90' lang='lat' dir='ltr'><strong>III.</strong></span> <span class='ocrx_word' id='word_1_102' title='bbox 326 2671 388 2688; x_wconf 83' lang='lat' dir='ltr'><strong>non.</strong></span> 
     </span>
     <span class='ocr_line' id='line_1_55' title="bbox 278 2706 386 2732; baseline 0.009 -1"><span class='ocrx_word' id='word_1_103' title='bbox 278 2706 311 2732; x_wconf 93' lang='lat' dir='ltr'><strong>II.</strong></span> <span class='ocrx_word' id='word_1_104' title='bbox 325 2715 386 2732; x_wconf 85' lang='lat' dir='ltr'><strong>non.</strong></span> 
     </span>
    </p>
   </div>
   <div class='ocr_carea' id='block_1_9' title="bbox 233 2748 359 2775">
    <p class='ocr_par' dir='ltr' id='par_1_9' title="bbox 233 2748 359 2775">
     <span class='ocr_line' id='line_1_56' title="bbox 233 2748 359 2775; baseline 0 -1"><span class='ocrx_word' id='word_1_105' title='bbox 233 2749 308 2774; x_wconf 69' lang='lat' dir='ltr'><strong>VIII.</strong></span> <span class='ocrx_word' id='word_1_106' title='bbox 323 2748 359 2775; x_wconf 84' lang='lat' dir='ltr'><strong>id.</strong></span> 
     </span>
    </p>
   </div>
   <div class='ocr_carea' id='block_1_10' title="bbox 418 1656 463 2458">
    <p class='ocr_par' dir='ltr' id='par_1_10' title="bbox 418 1656 463 2458">
     <span class='ocr_line' id='line_1_57' title="bbox 421 1656 460 1681; baseline 0 0"><span class='ocrx_word' id='word_1_107' title='bbox 421 1656 460 1681; x_wconf 90' lang='lat' dir='ltr'><strong>Il.</strong></span> 
     </span>
     <span class='ocr_line' id='line_1_58' title="bbox 421 1698 460 1724; baseline 0 0"><span class='ocrx_word' id='word_1_108' title='bbox 421 1698 460 1724; x_wconf 80' lang='lat'><strong>12.</strong></span> 
     </span>
     <span class='ocr_line' id='line_1_59' title="bbox 421 1742 459 1767; baseline 0 0"><span class='ocrx_word' id='word_1_109' title='bbox 421 1742 459 1767; x_wconf 87' lang='lat'><strong>14.</strong></span> 
     </span>
     <span class='ocr_line' id='line_1_60' title="bbox 420 1785 459 1811; baseline 0 0"><span class='ocrx_word' id='word_1_110' title='bbox 420 1785 459 1811; x_wconf 86' lang='lat'><strong>15.</strong></span> 
     </span>
     <span class='ocr_line' id='line_1_61' title="bbox 420 1828 459 1854; baseline 0 -1"><span class='ocrx_word' id='word_1_111' title='bbox 420 1828 459 1854; x_wconf 82' lang='lat'><strong>16.</strong></span> 
     </span>
     <span class='ocr_line' id='line_1_62' title="bbox 421 1871 461 1898; baseline -0.025 0"><span class='ocrx_word' id='word_1_112' title='bbox 421 1871 461 1898; x_wconf 82' lang='lat'><strong>17.</strong></span> 
     </span>
     <span class='ocr_line' id='line_1_63' title="bbox 419 1914 460 1939; baseline 0 0"><span class='ocrx_word' id='word_1_113' title='bbox 419 1914 460 1939; x_wconf 82' lang='lat'><strong>18.</strong></span> 
     </span>
     <span class='ocr_line' id='line_1_64' title="bbox 419 1957 458 1983; baseline -0.026 0"><span class='ocrx_word' id='word_1_114' title='bbox 419 1957 458 1983; x_wconf 85' lang='lat'><strong>19.</strong></span> 
     </span>
     <span class='ocr_line' id='line_1_65' title="bbox 418 2000 460 2026; baseline 0 0"><span class='ocrx_word' id='word_1_115' title='bbox 418 2000 460 2026; x_wconf 91' lang='lat'><strong>20.</strong></span> 
     </span>
     <span class='ocr_line' id='line_1_66' title="bbox 419 2043 460 2069; baseline -0.024 0"><span class='ocrx_word' id='word_1_116' title='bbox 419 2043 460 2069; x_wconf 88' lang='grc'><strong>21.</strong></span> 
     </span>
     <span class='ocr_line' id='line_1_67' title="bbox 419 2088 461 2114; baseline -0.024 0"><span class='ocrx_word' id='word_1_117' title='bbox 419 2088 461 2114; x_wconf 75' lang='grc'>2-2.</span> 
     </span>
     <span class='ocr_line' id='line_1_68' title="bbox 419 2130 461 2156; baseline 0 0"><span class='ocrx_word' id='word_1_118' title='bbox 419 2130 461 2156; x_wconf 83' lang='lat'><strong>23.</strong></span> 
     </span>
     <span class='ocr_line' id='line_1_69' title="bbox 419 2173 462 2200; baseline 0 -1"><span class='ocrx_word' id='word_1_119' title='bbox 419 2173 462 2200; x_wconf 87' lang='lat'><strong>24.</strong></span> 
     </span>
     <span class='ocr_line' id='line_1_70' title="bbox 420 2217 461 2242; baseline 0 0"><span class='ocrx_word' id='word_1_120' title='bbox 420 2217 461 2242; x_wconf 82' lang='lat'><strong>25.</strong></span> 
     </span>
     <span class='ocr_line' id='line_1_71' title="bbox 420 2260 461 2286; baseline 0 -1"><span class='ocrx_word' id='word_1_121' title='bbox 420 2260 461 2286; x_wconf 72' lang='lat'><strong>20¹.</strong></span> 
     </span>
     <span class='ocr_line' id='line_1_72' title="bbox 420 2302 461 2328; baseline -0.024 0"><span class='ocrx_word' id='word_1_122' title='bbox 420 2302 461 2328; x_wconf 85' lang='lat'><strong>27.</strong></span> 
     </span>
     <span class='ocr_line' id='line_1_73' title="bbox 422 2345 463 2371; baseline 0 -1"><span class='ocrx_word' id='word_1_123' title='bbox 422 2345 463 2371; x_wconf 65' lang='lat'><strong>223.</strong></span> 
     </span>
     <span class='ocr_line' id='line_1_74' title="bbox 419 2389 461 2414; baseline 0 0"><span class='ocrx_word' id='word_1_124' title='bbox 419 2389 461 2414; x_wconf 89' lang='lat'><strong>29.</strong></span> 
     </span>
     <span class='ocr_line' id='line_1_75' title="bbox 421 2431 463 2458; baseline -0.048 0"><span class='ocrx_word' id='word_1_125' title='bbox 421 2431 463 2458; x_wconf 86' lang='lat'><strong>30.</strong></span> 
     </span>
    </p>
   </div>
   <div class='ocr_carea' id='block_1_11' title="bbox 439 2576 465 2773">
    <p class='ocr_par' dir='ltr' id='par_1_11' title="bbox 439 2576 465 2773">
     <span class='ocr_line' id='line_1_76' title="bbox 439 2576 465 2773; textangle 90"><span class='ocrx_word' id='word_1_126' title='bbox 439 2576 465 2773; x_wconf 41' lang='lat' dir='ltr'><strong>Ptfflwwt-</strong></span> 
     </span>
    </p>
   </div>
   <div class='ocr_carea' id='block_1_12' title="bbox 419 1312 458 1639">
    <p class='ocr_par' dir='ltr' id='par_1_12' title="bbox 419 1312 458 1639">
     <span class='ocr_line' id='line_1_77' title="bbox 419 1312 458 1639; textangle 90"><span class='ocrx_word' id='word_1_127' title='bbox 419 1312 458 1639; x_wconf 40' lang='lat' dir='ltr'><strong>Swoefflffirwm</strong></span> 
     </span>
    </p>
   </div>
   <div class='ocr_carea' id='block_1_13' title="bbox 724 110 1327 139">
    <p class='ocr_par' dir='ltr' id='par_1_13' title="bbox 724 110 1327 139">
     <span class='ocr_line' id='line_1_78' title="bbox 724 110 1327 139; baseline -0.005 0"><span class='ocrx_word' id='word_1_128' title='bbox 724 111 991 139; x_wconf 69' lang='lat' dir='ltr'><strong>NECROLOGIUM</strong></span> <span class='ocrx_word' id='word_1_129' title='bbox 1011 110 1327 138; x_wconf 84' lang='lat' dir='ltr'><strong>PRUFENINGENSE.</strong></span> 
     </span>
    </p>
   </div>
   <div class='ocr_carea' id='block_1_14' title="bbox 506 207 1568 973">
    <p class='ocr_par' dir='ltr' id='par_1_14' title="bbox 508 207 837 240">
     <span class='ocr_line' id='line_1_79' title="bbox 508 207 837 240; baseline -0.006 -6"><span class='ocrx_word' id='word_1_130' title='bbox 508 207 675 234; x_wconf 73' lang='lat' dir='ltr'><strong>Bertholdus</strong></span> <span class='ocrx_word' id='word_1_131' title='bbox 694 216 729 232; x_wconf 90' lang='lat' dir='ltr'><strong>m.</strong></span> <span class='ocrx_word' id='word_1_132' title='bbox 749 216 774 232; x_wconf 89' lang='lat' dir='ltr'><strong>n.</strong></span> <span class='ocrx_word' id='word_1_133' title='bbox 794 215 837 240; x_wconf 81' lang='lat' dir='ltr'><strong>cg.</strong></span> 
     </span>
    </p>

    <p class='ocr_par' dir='ltr' id='par_1_15' title="bbox 506 247 1473 328">
     <span class='ocr_line' id='line_1_80' title="bbox 509 247 1473 284; baseline -0.002 -8"><span class='ocrx_word' id='word_1_134' title='bbox 509 251 682 277; x_wconf 79' lang='lat' dir='ltr'><strong>Hermannus</strong></span> <span class='ocrx_word' id='word_1_135' title='bbox 701 259 736 276; x_wconf 87' lang='lat' dir='ltr'><strong>m.</strong></span> <span class='ocrx_word' id='word_1_136' title='bbox 756 259 782 276; x_wconf 91' lang='lat' dir='ltr'><strong>n.</strong></span> <span class='ocrx_word' id='word_1_137' title='bbox 801 258 843 284; x_wconf 84' lang='lat' dir='ltr'><strong>cg.</strong></span> <span class='ocrx_word' id='word_1_138' title='bbox 879 249 1056 276; x_wconf 79' lang='lat' dir='ltr'><strong>Eberhardus</strong></span> <span class='ocrx_word' id='word_1_139' title='bbox 1075 249 1135 283; x_wconf 90' lang='lat' dir='ltr'><strong>pbr.</strong></span> <span class='ocrx_word' id='word_1_140' title='bbox 1155 250 1184 275; x_wconf 83' lang='lat' dir='ltr'><strong>et</strong></span> <span class='ocrx_word' id='word_1_141' title='bbox 1202 258 1237 274; x_wconf 88' lang='lat' dir='ltr'><strong>m.</strong></span> <span class='ocrx_word' id='word_1_142' title='bbox 1274 247 1410 274; x_wconf 79' lang='lat' dir='ltr'><strong>Arnoldus</strong></span> <span class='ocrx_word' id='word_1_143' title='bbox 1431 257 1473 275; x_wconf 75' lang='grc' dir='ltr'><strong>ον.</strong></span> 
     </span>
     <span class='ocr_line' id='line_1_81' title="bbox 506 292 1068 328; baseline -0.004 -8"><span class='ocrx_word' id='word_1_144' title='bbox 506 293 632 328; x_wconf 82' lang='lat' dir='ltr'><strong>Rugerus</strong></span> <span class='ocrx_word' id='word_1_145' title='bbox 652 302 692 319; x_wconf 84' lang='lat' dir='ltr'><strong>cv.</strong></span> <span class='ocrx_word' id='word_1_146' title='bbox 712 302 738 319; x_wconf 87' lang='lat' dir='ltr'><strong>n.</strong></span> <span class='ocrx_word' id='word_1_147' title='bbox 757 302 799 327; x_wconf 78' lang='lat' dir='ltr'><strong>cg.</strong></span> <span class='ocrx_word' id='word_1_148' title='bbox 837 292 985 319; x_wconf 83' lang='lat' dir='ltr'><strong>Udalricus</strong></span> <span class='ocrx_word' id='word_1_149' title='bbox 1004 292 1068 318; x_wconf 83' lang='lat' dir='ltr'><strong>abb.</strong></span> 
     </span>
    </p>

    <p class='ocr_par' dir='ltr' id='par_1_16' title="bbox 509 335 1035 363">
     <span class='ocr_line' id='line_1_82' title="bbox 509 335 1035 363; baseline -0.002 0"><span class='ocrx_word' id='word_1_150' title='bbox 509 336 656 363; x_wconf 82' lang='lat' dir='ltr'><strong>Udalricus</strong></span> <span class='ocrx_word' id='word_1_151' title='bbox 676 336 740 362; x_wconf 84' lang='lat' dir='ltr'><strong>abb.</strong></span> <span class='ocrx_word' id='word_1_152' title='bbox 777 335 974 362; x_wconf 77' lang='lat' dir='ltr'>Gottsehalcus</span> <span class='ocrx_word' id='word_1_153' title='bbox 994 344 1035 362; x_wconf 71' lang='lat' dir='ltr'><strong>CV.</strong></span> 
     </span>
    </p>

    <p class='ocr_par' dir='ltr' id='par_1_17' title="bbox 507 377 1276 413">
     <span class='ocr_line' id='line_1_83' title="bbox 507 377 1276 413; baseline -0.004 -7"><span class='ocrx_word' id='word_1_154' title='bbox 507 379 661 410; x_wconf 79' lang='lat' dir='ltr'><strong>Udalricus,</strong></span> <span class='ocrx_word' id='word_1_155' title='bbox 685 379 828 406; x_wconf 72' lang='lat' dir='ltr'>Com-atius</span> <span class='ocrx_word' id='word_1_156' title='bbox 847 378 905 413; x_wconf 89' lang='lat' dir='ltr'><strong>pbi.</strong></span> <span class='ocrx_word' id='word_1_157' title='bbox 925 380 953 406; x_wconf 75' lang='lat' dir='ltr'><strong>et</strong></span> <span class='ocrx_word' id='word_1_158' title='bbox 972 378 1019 404; x_wconf 89' lang='lat' dir='ltr'><strong>mi.</strong></span> <span class='ocrx_word' id='word_1_159' title='bbox 1056 378 1193 404; x_wconf 69' lang='lat' dir='ltr'><strong>Iohannes</strong></span> <span class='ocrx_word' id='word_1_160' title='bbox 1212 377 1276 404; x_wconf 76' lang='lat' dir='ltr'><strong>abb.</strong></span> 
     </span>
    </p>

    <p class='ocr_par' dir='ltr' id='par_1_18' title="bbox 508 421 1099 457">
     <span class='ocr_line' id='line_1_84' title="bbox 508 421 1099 457; baseline -0.005 -7"><span class='ocrx_word' id='word_1_161' title='bbox 508 423 652 457; x_wconf 78' lang='lat' dir='ltr'><strong>Sey-fridus</strong></span> <span class='ocrx_word' id='word_1_162' title='bbox 670 431 712 449; x_wconf 85' lang='lat' dir='ltr'><strong>cv.</strong></span> <span class='ocrx_word' id='word_1_163' title='bbox 731 432 757 448; x_wconf 90' lang='lat' dir='ltr'><strong>n.</strong></span> <span class='ocrx_word' id='word_1_164' title='bbox 777 431 819 456; x_wconf 83' lang='lat' dir='ltr'><strong>cg.</strong></span> <span class='ocrx_word' id='word_1_165' title='bbox 858 422 1016 448; x_wconf 77' lang='lat' dir='ltr'><strong>Leonardus</strong></span> <span class='ocrx_word' id='word_1_166' title='bbox 1035 421 1099 447; x_wconf 86' lang='lat' dir='ltr'><strong>abb.</strong></span> 
     </span>
    </p>

    <p class='ocr_par' dir='ltr' id='par_1_19' title="bbox 508 465 808 493">
     <span class='ocr_line' id='line_1_85' title="bbox 508 465 808 493; baseline -0.007 0"><span class='ocrx_word' id='word_1_167' title='bbox 508 465 652 493; x_wconf 78' lang='lat' dir='ltr'><strong>Gertrudis</strong></span> <span class='ocrx_word' id='word_1_168' title='bbox 671 465 808 492; x_wconf 76' lang='lat' dir='ltr'><strong>monialis.</strong></span> 
     </span>
    </p>

    <p class='ocr_par' dir='ltr' id='par_1_20' title="bbox 508 506 1568 585">
     <span class='ocr_line' id='line_1_86' title="bbox 510 506 1568 543; baseline -0.002 -8"><span class='ocrx_word' id='word_1_169' title='bbox 510 509 696 543; x_wconf 74' lang='lat' dir='ltr'>Wolfgangus</span> <span class='ocrx_word' id='word_1_170' title='bbox 715 508 776 542; x_wconf 89' lang='lat' dir='ltr'><strong>pbr.</strong></span> <span class='ocrx_word' id='word_1_171' title='bbox 795 509 824 535; x_wconf 77' lang='lat' dir='ltr'><strong>et</strong></span> <span class='ocrx_word' id='word_1_172' title='bbox 843 517 877 534; x_wconf 91' lang='lat' dir='ltr'><strong>m.</strong></span> <span class='ocrx_word' id='word_1_173' title='bbox 908 507 1037 534; x_wconf 81' lang='lat' dir='ltr'>Alhaidis</span> <span class='ocrx_word' id='word_1_174' title='bbox 1058 507 1094 533; x_wconf 82' lang='lat' dir='ltr'><strong>la.</strong></span> <span class='ocrx_word' id='word_1_175' title='bbox 1131 506 1286 541; x_wconf 70' lang='lat' dir='ltr'>[Rudgems</span> <span class='ocrx_word' id='word_1_176' title='bbox 1305 507 1368 533; x_wconf 74' lang='lat' dir='ltr'><strong>abb.</strong></span> <span class='ocrx_word' id='word_1_177' title='bbox 1389 506 1470 533; x_wconf 80' lang='lat' dir='ltr'>huius</span> <span class='ocrx_word' id='word_1_178' title='bbox 1489 506 1568 541; x_wconf 59' lang='lat' dir='ltr'>loci]</span> 
     </span>
     <span class='ocr_line' id='line_1_87' title="bbox 508 549 1209 585; baseline -0.004 -7"><span class='ocrx_word' id='word_1_179' title='bbox 508 551 646 578; x_wconf 80' lang='lat' dir='ltr'>Amoldus</span> <span class='ocrx_word' id='word_1_180' title='bbox 664 560 699 577; x_wconf 91' lang='lat' dir='ltr'><strong>m.</strong></span> <span class='ocrx_word' id='word_1_181' title='bbox 718 560 743 577; x_wconf 88' lang='lat' dir='ltr'><strong>n.</strong></span> <span class='ocrx_word' id='word_1_182' title='bbox 764 560 805 584; x_wconf 77' lang='lat' dir='ltr'><strong>cg.</strong></span> <span class='ocrx_word' id='word_1_183' title='bbox 842 550 1030 585; x_wconf 78' lang='lat' dir='ltr'>Wolfgangus</span> <span class='ocrx_word' id='word_1_184' title='bbox 1048 549 1109 584; x_wconf 87' lang='lat' dir='ltr'><strong>pbr.</strong></span> <span class='ocrx_word' id='word_1_185' title='bbox 1128 552 1157 576; x_wconf 77' lang='lat' dir='ltr'><strong>et</strong></span> <span class='ocrx_word' id='word_1_186' title='bbox 1175 558 1209 575; x_wconf 87' lang='lat' dir='ltr'><strong>m.</strong></span> 
     </span>
    </p>

    <p class='ocr_par' dir='ltr' id='par_1_21' title="bbox 510 593 1106 629">
     <span class='ocr_line' id='line_1_88' title="bbox 510 593 1106 629; baseline -0.003 -9"><span class='ocrx_word' id='word_1_187' title='bbox 510 595 696 629; x_wconf 81' lang='lat' dir='ltr'><strong>VVoIfgangus</strong></span> <span class='ocrx_word' id='word_1_188' title='bbox 715 594 775 628; x_wconf 86' lang='lat' dir='ltr'><strong>pbr.</strong></span> <span class='ocrx_word' id='word_1_189' title='bbox 794 595 823 620; x_wconf 73' lang='lat' dir='ltr'><strong>et</strong></span> <span class='ocrx_word' id='word_1_190' title='bbox 841 602 875 619; x_wconf 69' lang='lat' dir='ltr'><strong>m,</strong></span> <span class='ocrx_word' id='word_1_191' title='bbox 914 593 1069 620; x_wconf 78' lang='lat' dir='ltr'><strong>Friderious</strong></span> <span class='ocrx_word' id='word_1_192' title='bbox 1088 593 1106 619; x_wconf 91' lang='lat' dir='ltr'><strong>l.</strong></span> 
     </span>
    </p>

    <p class='ocr_par' dir='ltr' id='par_1_22' title="bbox 509 636 1069 671">
     <span class='ocr_line' id='line_1_89' title="bbox 509 636 1069 671; baseline -0.004 -8"><span class='ocrx_word' id='word_1_193' title='bbox 509 637 666 664; x_wconf 79' lang='lat' dir='ltr'><strong>Fridericus</strong></span> <span class='ocrx_word' id='word_1_194' title='bbox 684 646 719 663; x_wconf 89' lang='lat' dir='ltr'><strong>m.</strong></span> <span class='ocrx_word' id='word_1_195' title='bbox 738 646 764 663; x_wconf 87' lang='lat' dir='ltr'><strong>n.</strong></span> <span class='ocrx_word' id='word_1_196' title='bbox 784 645 826 671; x_wconf 83' lang='lat' dir='ltr'><strong>eg.</strong></span> <span class='ocrx_word' id='word_1_197' title='bbox 863 636 1032 663; x_wconf 80' lang='lat' dir='ltr'><strong>Wernherus</strong></span> <span class='ocrx_word' id='word_1_198' title='bbox 1051 636 1069 662; x_wconf 92' lang='lat' dir='ltr'><strong>I.</strong></span> 
     </span>
    </p>

    <p class='ocr_par' dir='ltr' id='par_1_23' title="bbox 512 679 1096 714">
     <span class='ocr_line' id='line_1_90' title="bbox 512 679 1096 714; baseline -0.005 -7"><span class='ocrx_word' id='word_1_199' title='bbox 512 680 669 707; x_wconf 78' lang='lat' dir='ltr'><strong>Friderieus</strong></span> <span class='ocrx_word' id='word_1_200' title='bbox 688 680 749 714; x_wconf 89' lang='lat' dir='ltr'><strong>pbr.</strong></span> <span class='ocrx_word' id='word_1_201' title='bbox 769 681 798 706; x_wconf 76' lang='lat' dir='ltr'><strong>et</strong></span> <span class='ocrx_word' id='word_1_202' title='bbox 816 689 851 705; x_wconf 88' lang='lat' dir='ltr'><strong>m.</strong></span> <span class='ocrx_word' id='word_1_203' title='bbox 889 679 1037 705; x_wconf 73' lang='lat' dir='ltr'><strong>Hainricus</strong></span> <span class='ocrx_word' id='word_1_204' title='bbox 1055 688 1096 705; x_wconf 82' lang='lat' dir='ltr'><strong>ev.</strong></span> 
     </span>
    </p>

    <p class='ocr_par' dir='ltr' id='par_1_24' title="bbox 513 723 849 757">
     <span class='ocr_line' id='line_1_91' title="bbox 513 723 849 757; baseline -0.006 -7"><span class='ocrx_word' id='word_1_205' title='bbox 513 723 668 750; x_wconf 78' lang='lat' dir='ltr'><strong>Friderieus</strong></span> <span class='ocrx_word' id='word_1_206' title='bbox 688 723 747 757; x_wconf 87' lang='lat' dir='ltr'><strong>pbr.</strong></span> <span class='ocrx_word' id='word_1_207' title='bbox 767 725 795 749; x_wconf 77' lang='lat' dir='ltr'><strong>et</strong></span> <span class='ocrx_word' id='word_1_208' title='bbox 814 732 849 749; x_wconf 89' lang='lat' dir='ltr'><strong>m.</strong></span> 
     </span>
    </p>

    <p class='ocr_par' dir='ltr' id='par_1_25' title="bbox 512 764 1142 795">
     <span class='ocr_line' id='line_1_92' title="bbox 512 764 1142 795; baseline -0.006 -2"><span class='ocrx_word' id='word_1_209' title='bbox 512 766 660 793; x_wconf 76' lang='lat' dir='ltr'><strong>Udalricus</strong></span> <span class='ocrx_word' id='word_1_210' title='bbox 678 766 742 792; x_wconf 85' lang='lat' dir='ltr'><strong>abb.</strong></span> <span class='ocrx_word' id='word_1_211' title='bbox 780 765 943 795; x_wconf 78' lang='lat' dir='ltr'><strong>Bernardus,</strong></span> <span class='ocrx_word' id='word_1_212' title='bbox 963 765 1095 791; x_wconf 79' lang='lat' dir='ltr'><strong>AIbertus</strong></span> <span class='ocrx_word' id='word_1_213' title='bbox 1114 764 1142 789; x_wconf 79' lang='lat' dir='ltr'><strong>Ii.</strong></span> 
     </span>
    </p>

    <p class='ocr_par' dir='ltr' id='par_1_26' title="bbox 510 806 1360 929">
     <span class='ocr_line' id='line_1_93' title="bbox 510 806 1354 843; baseline -0.005 -7"><span class='ocrx_word' id='word_1_214' title='bbox 510 809 636 843; x_wconf 81' lang='lat' dir='ltr'><strong>Rugerus</strong></span> <span class='ocrx_word' id='word_1_215' title='bbox 656 817 690 834; x_wconf 89' lang='lat' dir='ltr'><strong>m.</strong></span> <span class='ocrx_word' id='word_1_216' title='bbox 710 817 736 834; x_wconf 89' lang='lat' dir='ltr'><strong>n.</strong></span> <span class='ocrx_word' id='word_1_217' title='bbox 756 817 798 842; x_wconf 81' lang='lat' dir='ltr'><strong>cg.</strong></span> <span class='ocrx_word' id='word_1_218' title='bbox 835 806 1000 836; x_wconf 79' lang='lat' dir='ltr'><strong>Ludovicus.</strong></span> <span class='ocrx_word' id='word_1_219' title='bbox 1028 806 1175 833; x_wconf 64' lang='lat' dir='ltr'><strong>Udalrious</strong></span> <span class='ocrx_word' id='word_1_220' title='bbox 1194 806 1254 840; x_wconf 89' lang='lat' dir='ltr'><strong>pbr.</strong></span> <span class='ocrx_word' id='word_1_221' title='bbox 1273 809 1302 833; x_wconf 71' lang='lat' dir='ltr'><strong>et</strong></span> <span class='ocrx_word' id='word_1_222' title='bbox 1321 816 1354 832; x_wconf 90' lang='lat' dir='ltr'><strong>m.</strong></span> 
     </span>
     <span class='ocr_line' id='line_1_94' title="bbox 510 849 1360 886; baseline -0.004 -8"><span class='ocrx_word' id='word_1_223' title='bbox 510 851 666 878; x_wconf 77' lang='lat' dir='ltr'><strong>Fridericus</strong></span> <span class='ocrx_word' id='word_1_224' title='bbox 688 860 724 877; x_wconf 86' lang='lat' dir='ltr'><strong>m.</strong></span> <span class='ocrx_word' id='word_1_225' title='bbox 744 860 770 877; x_wconf 91' lang='lat' dir='ltr'><strong>n.</strong></span> <span class='ocrx_word' id='word_1_226' title='bbox 790 860 832 886; x_wconf 81' lang='lat' dir='ltr'><strong>cg.</strong></span> <span class='ocrx_word' id='word_1_227' title='bbox 868 850 1002 884; x_wconf 66' lang='lat' dir='ltr'><strong>Rugerus,</strong></span> <span class='ocrx_word' id='word_1_228' title='bbox 1022 849 1170 876; x_wconf 71' lang='lat' dir='ltr'>Udafficus</span> <span class='ocrx_word' id='word_1_229' title='bbox 1190 849 1247 883; x_wconf 78' lang='lat' dir='ltr'><strong>pbi.</strong></span> <span class='ocrx_word' id='word_1_230' title='bbox 1266 852 1295 877; x_wconf 84' lang='lat' dir='ltr'><strong>et</strong></span> <span class='ocrx_word' id='word_1_231' title='bbox 1314 849 1360 876; x_wconf 83' lang='lat' dir='ltr'><strong>mi.</strong></span> 
     </span>
     <span class='ocr_line' id='line_1_95' title="bbox 510 893 1056 929; baseline -0.005 -7"><span class='ocrx_word' id='word_1_232' title='bbox 510 895 652 929; x_wconf 78' lang='lat' dir='ltr'><strong>seyfridus</strong></span> <span class='ocrx_word' id='word_1_233' title='bbox 672 894 732 928; x_wconf 88' lang='lat' dir='ltr'><strong>pbr.</strong></span> <span class='ocrx_word' id='word_1_234' title='bbox 751 895 779 920; x_wconf 80' lang='lat' dir='ltr'><strong>et</strong></span> <span class='ocrx_word' id='word_1_235' title='bbox 799 903 834 919; x_wconf 88' lang='lat' dir='ltr'><strong>m.</strong></span> <span class='ocrx_word' id='word_1_236' title='bbox 873 893 1020 919; x_wconf 80' lang='lat' dir='ltr'>Hainn&#39;eus</span> <span class='ocrx_word' id='word_1_237' title='bbox 1038 893 1056 919; x_wconf 95' lang='lat' dir='ltr'><strong>l.</strong></span> 
     </span>
    </p>

    <p class='ocr_par' dir='ltr' id='par_1_27' title="bbox 511 936 898 973">
     <span class='ocr_line' id='line_1_96' title="bbox 511 936 898 973; baseline -0.008 -8"><span class='ocrx_word' id='word_1_238' title='bbox 511 939 621 973; x_wconf 70' lang='lat' dir='ltr'><strong>[Petrus</strong></span> <span class='ocrx_word' id='word_1_239' title='bbox 640 937 703 963; x_wconf 80' lang='lat' dir='ltr'><strong>abb.</strong></span> <span class='ocrx_word' id='word_1_240' title='bbox 722 937 806 963; x_wconf 81' lang='lat' dir='ltr'><strong>huius</strong></span> <span class='ocrx_word' id='word_1_241' title='bbox 825 936 898 970; x_wconf 85' lang='lat' dir='ltr'><strong>Ioci.]</strong></span> 
     </span>
    </p>
   </div>
   <div class='ocr_carea' id='block_1_15' title="bbox 451 977 1424 1014">
    <p class='ocr_par' dir='ltr' id='par_1_28' title="bbox 451 977 1424 1014">
     <span class='ocr_line' id='line_1_97' title="bbox 451 977 1424 1014; baseline -0.005 -6"><span class='ocrx_word' id='word_1_242' title='bbox 451 1003 456 1008; x_wconf 98' lang='lat'><strong>.</strong></span> <span class='ocrx_word' id='word_1_243' title='bbox 510 980 676 1014; x_wconf 81' lang='lat' dir='ltr'><strong>Rudolphus</strong></span> <span class='ocrx_word' id='word_1_244' title='bbox 694 989 729 1006; x_wconf 84' lang='lat' dir='ltr'><strong>m.</strong></span> <span class='ocrx_word' id='word_1_245' title='bbox 753 989 779 1006; x_wconf 85' lang='lat' dir='ltr'><strong>n.</strong></span> <span class='ocrx_word' id='word_1_246' title='bbox 798 988 841 1013; x_wconf 83' lang='lat' dir='ltr'><strong>cg.</strong></span> <span class='ocrx_word' id='word_1_247' title='bbox 880 978 1035 1009; x_wconf 78' lang='lat' dir='ltr'>Udah-icus,</span> <span class='ocrx_word' id='word_1_248' title='bbox 1055 978 1235 1005; x_wconf 74' lang='lat' dir='ltr'><strong>Godehardus</strong></span> <span class='ocrx_word' id='word_1_249' title='bbox 1254 977 1311 1012; x_wconf 87' lang='lat' dir='ltr'><strong>pbi.</strong></span> <span class='ocrx_word' id='word_1_250' title='bbox 1331 980 1359 1004; x_wconf 77' lang='lat' dir='ltr'><strong>et</strong></span> <span class='ocrx_word' id='word_1_251' title='bbox 1378 978 1424 1004; x_wconf 88' lang='lat' dir='ltr'><strong>mi.</strong></span> 
     </span>
    </p>
   </div>
   <div class='ocr_carea' id='block_1_16' title="bbox 512 1021 1524 1188">
    <p class='ocr_par' dir='ltr' id='par_1_29' title="bbox 513 1021 1213 1055">
     <span class='ocr_line' id='line_1_98' title="bbox 513 1021 1213 1055; baseline -0.006 -4"><span class='ocrx_word' id='word_1_252' title='bbox 513 1025 692 1053; x_wconf 77' lang='lat' dir='ltr'><strong>Hermannus,</strong></span> <span class='ocrx_word' id='word_1_253' title='bbox 714 1022 869 1051; x_wconf 75' lang='lat' dir='ltr'><strong>Udalricus.</strong></span> <span class='ocrx_word' id='word_1_254' title='bbox 891 1022 1022 1048; x_wconf 85' lang='lat' dir='ltr'><strong>Albertus</strong></span> <span class='ocrx_word' id='word_1_255' title='bbox 1041 1021 1100 1055; x_wconf 86' lang='lat' dir='ltr'><strong>pbi.</strong></span> <span class='ocrx_word' id='word_1_256' title='bbox 1120 1024 1147 1048; x_wconf 81' lang='lat' dir='ltr'><strong>et</strong></span> <span class='ocrx_word' id='word_1_257' title='bbox 1167 1021 1213 1047; x_wconf 80' lang='lat' dir='ltr'><strong>mi.</strong></span> 
     </span>
    </p>

    <p class='ocr_par' dir='ltr' id='par_1_30' title="bbox 513 1065 1213 1102">
     <span class='ocr_line' id='line_1_99' title="bbox 513 1065 1213 1102; baseline -0.004 -8"><span class='ocrx_word' id='word_1_258' title='bbox 513 1068 639 1102; x_wconf 78' lang='lat' dir='ltr'><strong>Rugerus</strong></span> <span class='ocrx_word' id='word_1_259' title='bbox 658 1075 699 1092; x_wconf 75' lang='grc' dir='ltr'><strong>ον.</strong></span> <span class='ocrx_word' id='word_1_260' title='bbox 719 1075 744 1092; x_wconf 88' lang='lat' dir='ltr'><strong>n.</strong></span> <span class='ocrx_word' id='word_1_261' title='bbox 764 1075 807 1100; x_wconf 80' lang='lat' dir='ltr'><strong>cg.</strong></span> <span class='ocrx_word' id='word_1_262' title='bbox 846 1066 1033 1100; x_wconf 78' lang='lat' dir='ltr'>wolfgangus</span> <span class='ocrx_word' id='word_1_263' title='bbox 1051 1065 1111 1098; x_wconf 85' lang='lat' dir='ltr'><strong>pbr.</strong></span> <span class='ocrx_word' id='word_1_264' title='bbox 1131 1066 1159 1091; x_wconf 76' lang='lat' dir='ltr'><strong>et</strong></span> <span class='ocrx_word' id='word_1_265' title='bbox 1178 1074 1213 1091; x_wconf 89' lang='lat' dir='ltr'><strong>m.</strong></span> 
     </span>
    </p>

    <p class='ocr_par' dir='ltr' id='par_1_31' title="bbox 513 1111 862 1144">
     <span class='ocr_line' id='line_1_100' title="bbox 513 1111 862 1144; baseline -0.006 -7"><span class='ocrx_word' id='word_1_266' title='bbox 513 1111 700 1144; x_wconf 75' lang='lat' dir='ltr'>Wolfgangus</span> <span class='ocrx_word' id='word_1_267' title='bbox 719 1119 753 1136; x_wconf 83' lang='lat' dir='ltr'><strong>m.</strong></span> <span class='ocrx_word' id='word_1_268' title='bbox 773 1119 798 1135; x_wconf 88' lang='lat' dir='ltr'><strong>n.</strong></span> <span class='ocrx_word' id='word_1_269' title='bbox 819 1118 862 1143; x_wconf 84' lang='lat' dir='ltr'><strong>eg.</strong></span> 
     </span>
    </p>

    <p class='ocr_par' dir='ltr' id='par_1_32' title="bbox 512 1151 1524 1188">
     <span class='ocr_line' id='line_1_101' title="bbox 512 1151 1524 1188; baseline -0.004 -7"><span class='ocrx_word' id='word_1_270' title='bbox 512 1154 659 1181; x_wconf 68' lang='lat' dir='ltr'>L&#39;daln‘cus</span> <span class='ocrx_word' id='word_1_271' title='bbox 678 1153 737 1188; x_wconf 85' lang='lat' dir='ltr'><strong>pbr.</strong></span> <span class='ocrx_word' id='word_1_272' title='bbox 758 1155 786 1179; x_wconf 77' lang='lat' dir='ltr'><strong>et</strong></span> <span class='ocrx_word' id='word_1_273' title='bbox 805 1162 840 1179; x_wconf 89' lang='lat' dir='ltr'><strong>m.</strong></span> <span class='ocrx_word' id='word_1_274' title='bbox 860 1161 886 1179; x_wconf 85' lang='lat' dir='ltr'><strong>n.</strong></span> <span class='ocrx_word' id='word_1_275' title='bbox 907 1161 949 1186; x_wconf 84' lang='lat' dir='ltr'><strong>cg.</strong></span> <span class='ocrx_word' id='word_1_276' title='bbox 986 1151 1129 1179; x_wconf 76' lang='lat' dir='ltr'><strong>Henricus.</strong></span> <span class='ocrx_word' id='word_1_277' title='bbox 1150 1151 1336 1185; x_wconf 67' lang='lat' dir='ltr'>wolfgangus</span> <span class='ocrx_word' id='word_1_278' title='bbox 1355 1151 1412 1185; x_wconf 87' lang='lat' dir='ltr'><strong>pbi.</strong></span> <span class='ocrx_word' id='word_1_279' title='bbox 1432 1153 1459 1178; x_wconf 75' lang='lat' dir='ltr'><strong>et</strong></span> <span class='ocrx_word' id='word_1_280' title='bbox 1479 1151 1524 1177; x_wconf 82' lang='lat' dir='ltr'><strong>mi.</strong></span> 
     </span>
    </p>
   </div>
   <div class='ocr_carea' id='block_1_17' title="bbox 911 1250 1146 1286">
    <p class='ocr_par' dir='ltr' id='par_1_33' title="bbox 911 1250 1146 1286">
     <span class='ocr_line' id='line_1_102' title="bbox 911 1250 1146 1286; baseline -0.004 0"><span class='ocrx_word' id='word_1_281' title='bbox 911 1250 1146 1286; x_wconf 85' lang='lat' dir='ltr'><strong>OCTOBER.</strong></span> 
     </span>
    </p>
   </div>
   <div class='ocr_carea' id='block_1_18' title="bbox 508 1309 1858 2456">
    <p class='ocr_par' dir='ltr' id='par_1_34' title="bbox 508 1309 744 1336">
     <span class='ocr_line' id='line_1_103' title="bbox 508 1309 744 1336; baseline -0.004 0"><span class='ocrx_word' id='word_1_282' title='bbox 508 1310 662 1336; x_wconf 71' lang='lat' dir='ltr'><strong>Bernartius</strong></span> <span class='ocrx_word' id='word_1_283' title='bbox 681 1309 744 1335; x_wconf 85' lang='lat' dir='ltr'><strong>abb.</strong></span> 
     </span>
    </p>

    <p class='ocr_par' dir='ltr' id='par_1_35' title="bbox 510 1353 838 1386">
     <span class='ocr_line' id='line_1_104' title="bbox 510 1353 838 1386; baseline -0.012 -6"><span class='ocrx_word' id='word_1_284' title='bbox 510 1353 675 1380; x_wconf 82' lang='lat' dir='ltr'><strong>Gebhardus</strong></span> <span class='ocrx_word' id='word_1_285' title='bbox 696 1361 731 1378; x_wconf 88' lang='lat' dir='ltr'><strong>m.</strong></span> <span class='ocrx_word' id='word_1_286' title='bbox 751 1361 776 1377; x_wconf 86' lang='lat' dir='ltr'><strong>n.</strong></span> <span class='ocrx_word' id='word_1_287' title='bbox 797 1359 838 1386; x_wconf 86' lang='lat' dir='ltr'><strong>cg.</strong></span> 
     </span>
    </p>

    <p class='ocr_par' dir='ltr' id='par_1_36' title="bbox 510 1393 1075 1429">
     <span class='ocr_line' id='line_1_105' title="bbox 510 1393 1075 1429; baseline -0.004 -7"><span class='ocrx_word' id='word_1_288' title='bbox 510 1396 652 1423; x_wconf 79' lang='lat' dir='ltr'><strong>Conradus</strong></span> <span class='ocrx_word' id='word_1_289' title='bbox 672 1395 732 1429; x_wconf 90' lang='lat' dir='ltr'><strong>pbr.</strong></span> <span class='ocrx_word' id='word_1_290' title='bbox 752 1397 780 1421; x_wconf 79' lang='lat' dir='ltr'><strong>et</strong></span> <span class='ocrx_word' id='word_1_291' title='bbox 799 1404 834 1420; x_wconf 89' lang='lat' dir='ltr'><strong>m.</strong></span> <span class='ocrx_word' id='word_1_292' title='bbox 872 1393 1015 1420; x_wconf 76' lang='lat' dir='ltr'><strong>Conradus</strong></span> <span class='ocrx_word' id='word_1_293' title='bbox 1035 1402 1075 1420; x_wconf 76' lang='lat' dir='ltr'><strong>cv,</strong></span> 
     </span>
    </p>

    <p class='ocr_par' dir='ltr' id='par_1_37' title="bbox 510 1438 845 1472">
     <span class='ocr_line' id='line_1_106' title="bbox 510 1438 845 1472; baseline 0 -8"><span class='ocrx_word' id='word_1_294' title='bbox 510 1438 657 1466; x_wconf 75' lang='lat' dir='ltr'><strong>Heinricus</strong></span> <span class='ocrx_word' id='word_1_295' title='bbox 675 1438 739 1464; x_wconf 82' lang='lat' dir='ltr'><strong>abb.</strong></span> <span class='ocrx_word' id='word_1_296' title='bbox 759 1447 783 1464; x_wconf 83' lang='lat' dir='ltr'><strong>n.</strong></span> <span class='ocrx_word' id='word_1_297' title='bbox 803 1446 845 1472; x_wconf 85' lang='lat' dir='ltr'><strong>cg.</strong></span> 
     </span>
    </p>

    <p class='ocr_par' dir='ltr' id='par_1_38' title="bbox 510 1483 804 1515">
     <span class='ocr_line' id='line_1_107' title="bbox 510 1483 804 1515; baseline -0.007 -7"><span class='ocrx_word' id='word_1_298' title='bbox 510 1483 643 1509; x_wconf 79' lang='lat' dir='ltr'><strong>Albertus</strong></span> <span class='ocrx_word' id='word_1_299' title='bbox 661 1491 696 1508; x_wconf 87' lang='lat' dir='ltr'><strong>m.</strong></span> <span class='ocrx_word' id='word_1_300' title='bbox 716 1491 742 1507; x_wconf 89' lang='lat' dir='ltr'><strong>n.</strong></span> <span class='ocrx_word' id='word_1_301' title='bbox 763 1490 804 1515; x_wconf 79' lang='lat' dir='ltr'><strong>cg.</strong></span> 
     </span>
    </p>

    <p class='ocr_par' dir='ltr' id='par_1_39' title="bbox 511 1521 1520 1601">
     <span class='ocr_line' id='line_1_108' title="bbox 514 1521 1520 1557; baseline -0.004 -6"><span class='ocrx_word' id='word_1_302' title='bbox 514 1525 660 1555; x_wconf 76' lang='lat' dir='ltr'><strong>Erhardus,</strong></span> <span class='ocrx_word' id='word_1_303' title='bbox 680 1524 849 1550; x_wconf 77' lang='lat' dir='ltr'>wilhelmus</span> <span class='ocrx_word' id='word_1_304' title='bbox 868 1523 926 1557; x_wconf 84' lang='lat' dir='ltr'><strong>pbi.</strong></span> <span class='ocrx_word' id='word_1_305' title='bbox 946 1526 973 1550; x_wconf 72' lang='lat' dir='ltr'><strong>et</strong></span> <span class='ocrx_word' id='word_1_306' title='bbox 995 1522 1039 1549; x_wconf 85' lang='lat' dir='ltr'><strong>mi.</strong></span> <span class='ocrx_word' id='word_1_307' title='bbox 1076 1523 1243 1556; x_wconf 78' lang='lat' dir='ltr'><strong>[Fridericus</strong></span> <span class='ocrx_word' id='word_1_308' title='bbox 1262 1522 1327 1549; x_wconf 76' lang='lat' dir='ltr'><strong>abb.</strong></span> <span class='ocrx_word' id='word_1_309' title='bbox 1347 1521 1428 1548; x_wconf 76' lang='lat' dir='ltr'>huius</span> <span class='ocrx_word' id='word_1_310' title='bbox 1447 1521 1520 1555; x_wconf 48' lang='lat' dir='ltr'>loci]</span> 
     </span>
     <span class='ocr_line' id='line_1_109' title="bbox 511 1568 849 1601; baseline -0.003 -7"><span class='ocrx_word' id='word_1_311' title='bbox 511 1568 668 1595; x_wconf 74' lang='lat' dir='ltr'><strong>Bemardus</strong></span> <span class='ocrx_word' id='word_1_312' title='bbox 687 1568 747 1601; x_wconf 89' lang='lat' dir='ltr'><strong>pbr.</strong></span> <span class='ocrx_word' id='word_1_313' title='bbox 767 1568 794 1593; x_wconf 77' lang='lat' dir='ltr'><strong>et</strong></span> <span class='ocrx_word' id='word_1_314' title='bbox 814 1576 849 1593; x_wconf 86' lang='lat' dir='ltr'><strong>m.</strong></span> 
     </span>
    </p>

    <p class='ocr_par' dir='ltr' id='par_1_40' title="bbox 514 1611 725 1645">
     <span class='ocr_line' id='line_1_110' title="bbox 514 1611 725 1645; baseline -0.005 -7"><span class='ocrx_word' id='word_1_315' title='bbox 514 1611 649 1638; x_wconf 80' lang='lat' dir='ltr'>Nicolaus</span> <span class='ocrx_word' id='word_1_316' title='bbox 668 1620 725 1645; x_wconf 80' lang='lat' dir='ltr'><strong>eps.</strong></span> 
     </span>
    </p>

    <p class='ocr_par' dir='ltr' id='par_1_41' title="bbox 514 1651 1544 1774">
     <span class='ocr_line' id='line_1_111' title="bbox 514 1651 1531 1688; baseline -0.003 -8"><span class='ocrx_word' id='word_1_317' title='bbox 514 1654 661 1681; x_wconf 73' lang='lat' dir='ltr'><strong>Heinricus</strong></span> <span class='ocrx_word' id='word_1_318' title='bbox 680 1654 741 1688; x_wconf 87' lang='lat' dir='ltr'><strong>pbr.</strong></span> <span class='ocrx_word' id='word_1_319' title='bbox 760 1656 788 1681; x_wconf 78' lang='lat' dir='ltr'><strong>et</strong></span> <span class='ocrx_word' id='word_1_320' title='bbox 808 1663 843 1680; x_wconf 88' lang='lat' dir='ltr'><strong>m.</strong></span> <span class='ocrx_word' id='word_1_321' title='bbox 881 1654 996 1680; x_wconf 73' lang='lat' dir='ltr'><strong>Ioannes</strong></span> <span class='ocrx_word' id='word_1_322' title='bbox 1016 1653 1078 1679; x_wconf 78' lang='lat' dir='ltr'><strong>abb.</strong></span> <span class='ocrx_word' id='word_1_323' title='bbox 1117 1652 1256 1686; x_wconf 79' lang='lat' dir='ltr'><strong>[Erasmus</strong></span> <span class='ocrx_word' id='word_1_324' title='bbox 1275 1652 1338 1679; x_wconf 84' lang='lat' dir='ltr'><strong>abb.</strong></span> <span class='ocrx_word' id='word_1_325' title='bbox 1358 1651 1440 1678; x_wconf 80' lang='lat' dir='ltr'>huius</span> <span class='ocrx_word' id='word_1_326' title='bbox 1458 1651 1531 1684; x_wconf 84' lang='lat' dir='ltr'><strong>loci.]</strong></span> 
     </span>
     <span class='ocr_line' id='line_1_112' title="bbox 515 1694 1544 1730; baseline -0.004 -6"><span class='ocrx_word' id='word_1_327' title='bbox 515 1697 663 1724; x_wconf 67' lang='lat' dir='ltr'><strong>Udalricus</strong></span> <span class='ocrx_word' id='word_1_328' title='bbox 681 1706 716 1723; x_wconf 84' lang='lat' dir='ltr'><strong>m.</strong></span> <span class='ocrx_word' id='word_1_329' title='bbox 736 1706 761 1722; x_wconf 90' lang='lat' dir='ltr'><strong>n.</strong></span> <span class='ocrx_word' id='word_1_330' title='bbox 781 1705 823 1730; x_wconf 83' lang='lat' dir='ltr'><strong>cg.</strong></span> <span class='ocrx_word' id='word_1_331' title='bbox 862 1695 1042 1726; x_wconf 71' lang='lat' dir='ltr'><strong>Liebhardus,</strong></span> <span class='ocrx_word' id='word_1_332' title='bbox 1062 1695 1185 1722; x_wconf 82' lang='lat' dir='ltr'><strong>Evaldus</strong></span> <span class='ocrx_word' id='word_1_333' title='bbox 1204 1695 1261 1729; x_wconf 78' lang='lat' dir='ltr'><strong>phi.</strong></span> <span class='ocrx_word' id='word_1_334' title='bbox 1282 1696 1309 1721; x_wconf 84' lang='lat' dir='ltr'><strong>et</strong></span> <span class='ocrx_word' id='word_1_335' title='bbox 1329 1695 1374 1721; x_wconf 86' lang='lat' dir='ltr'><strong>mi.</strong></span> <span class='ocrx_word' id='word_1_336' title='bbox 1412 1694 1508 1721; x_wconf 85' lang='lat' dir='ltr'>Chuno</span> <span class='ocrx_word' id='word_1_337' title='bbox 1527 1694 1544 1721; x_wconf 89' lang='lat'><strong>1.</strong></span> 
     </span>
     <span class='ocr_line' id='line_1_113' title="bbox 516 1740 840 1774; baseline -0.003 -7"><span class='ocrx_word' id='word_1_338' title='bbox 516 1740 659 1767; x_wconf 78' lang='lat' dir='ltr'><strong>conradus</strong></span> <span class='ocrx_word' id='word_1_339' title='bbox 678 1740 739 1774; x_wconf 79' lang='lat' dir='ltr'><strong>pbr.</strong></span> <span class='ocrx_word' id='word_1_340' title='bbox 758 1742 786 1766; x_wconf 79' lang='lat' dir='ltr'><strong>et</strong></span> <span class='ocrx_word' id='word_1_341' title='bbox 806 1749 840 1766; x_wconf 89' lang='lat' dir='ltr'><strong>m.</strong></span> 
     </span>
    </p>

    <p class='ocr_par' dir='ltr' id='par_1_42' title="bbox 515 1781 1092 1817">
     <span class='ocr_line' id='line_1_114' title="bbox 515 1781 1092 1817; baseline -0.005 -7"><span class='ocrx_word' id='word_1_342' title='bbox 515 1783 657 1810; x_wconf 82' lang='lat' dir='ltr'><strong>Conradus</strong></span> <span class='ocrx_word' id='word_1_343' title='bbox 677 1783 736 1817; x_wconf 89' lang='lat' dir='ltr'><strong>pbr.</strong></span> <span class='ocrx_word' id='word_1_344' title='bbox 757 1785 785 1810; x_wconf 83' lang='lat' dir='ltr'><strong>et</strong></span> <span class='ocrx_word' id='word_1_345' title='bbox 804 1792 839 1809; x_wconf 89' lang='lat' dir='ltr'><strong>m.</strong></span> <span class='ocrx_word' id='word_1_346' title='bbox 894 1781 1038 1809; x_wconf 74' lang='lat' dir='ltr'><strong>Gertrudis</strong></span> <span class='ocrx_word' id='word_1_347' title='bbox 1057 1782 1092 1808; x_wconf 85' lang='lat' dir='ltr'><strong>la.</strong></span> 
     </span>
    </p>

    <p class='ocr_par' dir='ltr' id='par_1_43' title="bbox 515 1825 1075 1860">
     <span class='ocr_line' id='line_1_115' title="bbox 515 1825 1075 1860; baseline -0.004 -7"><span class='ocrx_word' id='word_1_348' title='bbox 515 1827 674 1853; x_wconf 79' lang='lat' dir='ltr'><strong>Gothardus</strong></span> <span class='ocrx_word' id='word_1_349' title='bbox 693 1827 752 1860; x_wconf 71' lang='lat' dir='ltr'><strong>pbr.</strong></span> <span class='ocrx_word' id='word_1_350' title='bbox 773 1828 801 1853; x_wconf 81' lang='lat' dir='ltr'><strong>et·</strong></span> <span class='ocrx_word' id='word_1_351' title='bbox 820 1835 854 1852; x_wconf 85' lang='lat' dir='ltr'><strong>m.</strong></span> <span class='ocrx_word' id='word_1_352' title='bbox 893 1825 1038 1852; x_wconf 74' lang='lat' dir='ltr'><strong>Udalricus</strong></span> <span class='ocrx_word' id='word_1_353' title='bbox 1057 1825 1075 1852; x_wconf 85' lang='lat' dir='ltr'><strong>l.</strong></span> 
     </span>
    </p>

    <p class='ocr_par' dir='ltr' id='par_1_44' title="bbox 515 1870 839 1904">
     <span class='ocr_line' id='line_1_116' title="bbox 515 1870 839 1904; baseline -0.003 -8"><span class='ocrx_word' id='word_1_354' title='bbox 515 1870 656 1904; x_wconf 75' lang='lat' dir='ltr'><strong>Rupertus</strong></span> <span class='ocrx_word' id='word_1_355' title='bbox 676 1870 737 1903; x_wconf 89' lang='lat' dir='ltr'><strong>pbr.</strong></span> <span class='ocrx_word' id='word_1_356' title='bbox 756 1871 785 1896; x_wconf 76' lang='lat' dir='ltr'><strong>et</strong></span> <span class='ocrx_word' id='word_1_357' title='bbox 803 1878 839 1895; x_wconf 85' lang='lat' dir='ltr'><strong>m.</strong></span> 
     </span>
    </p>

    <p class='ocr_par' dir='ltr' id='par_1_45' title="bbox 516 1912 799 1940">
     <span class='ocr_line' id='line_1_117' title="bbox 516 1912 799 1940; baseline -0.007 0"><span class='ocrx_word' id='word_1_358' title='bbox 516 1913 657 1940; x_wconf 80' lang='lat' dir='ltr'><strong>Conradus</strong></span> <span class='ocrx_word' id='word_1_359' title='bbox 676 1912 799 1939; x_wconf 81' lang='lat' dir='ltr'><strong>subdiac.</strong></span> 
     </span>
    </p>

    <p class='ocr_par' dir='ltr' id='par_1_46' title="bbox 515 1956 828 1989">
     <span class='ocr_line' id='line_1_118' title="bbox 515 1956 828 1989; baseline -0.003 -7"><span class='ocrx_word' id='word_1_360' title='bbox 515 1956 667 1983; x_wconf 79' lang='lat' dir='ltr'><strong>Bernoldus</strong></span> <span class='ocrx_word' id='word_1_361' title='bbox 686 1965 720 1982; x_wconf 87' lang='lat' dir='ltr'><strong>m.</strong></span> <span class='ocrx_word' id='word_1_362' title='bbox 741 1965 765 1981; x_wconf 86' lang='lat' dir='ltr'><strong>n.</strong></span> <span class='ocrx_word' id='word_1_363' title='bbox 786 1964 828 1989; x_wconf 81' lang='lat' dir='ltr'><strong>cg.</strong></span> 
     </span>
    </p>

    <p class='ocr_par' dir='ltr' id='par_1_47' title="bbox 514 1993 1858 2077">
     <span class='ocr_line' id='line_1_119' title="bbox 514 1993 1858 2032; baseline -0.006 -6"><span class='ocrx_word' id='word_1_364' title='bbox 514 1999 660 2026; x_wconf 83' lang='lat' dir='ltr'><strong>Heinricus</strong></span> <span class='ocrx_word' id='word_1_365' title='bbox 680 2008 721 2025; x_wconf 83' lang='lat' dir='ltr'><strong>cv.</strong></span> <span class='ocrx_word' id='word_1_366' title='bbox 740 2008 765 2024; x_wconf 82' lang='lat' dir='ltr'><strong>n.</strong></span> <span class='ocrx_word' id='word_1_367' title='bbox 786 2007 827 2032; x_wconf 80' lang='lat' dir='ltr'><strong>cg.</strong></span> <span class='ocrx_word' id='word_1_368' title='bbox 859 1997 1025 2024; x_wconf 75' lang='lat' dir='ltr'>Wilhelmus</span> <span class='ocrx_word' id='word_1_369' title='bbox 1045 1997 1105 2031; x_wconf 90' lang='lat' dir='ltr'><strong>pbr.</strong></span> <span class='ocrx_word' id='word_1_370' title='bbox 1125 2000 1152 2024; x_wconf 76' lang='lat' dir='ltr'><strong>et</strong></span> <span class='ocrx_word' id='word_1_371' title='bbox 1172 2006 1206 2023; x_wconf 84' lang='lat' dir='ltr'><strong>m.</strong></span> <span class='ocrx_word' id='word_1_372' title='bbox 1236 1996 1389 2023; x_wconf 78' lang='lat' dir='ltr'><strong>Bernardus</strong></span> <span class='ocrx_word' id='word_1_373' title='bbox 1409 1996 1532 2023; x_wconf 81' lang='lat' dir='ltr'><strong>subdiac.</strong></span> <span class='ocrx_word' id='word_1_374' title='bbox 1561 1994 1705 2022; x_wconf 77' lang='lat' dir='ltr'><strong>Gertrudis</strong></span> <span class='ocrx_word' id='word_1_375' title='bbox 1721 1993 1858 2020; x_wconf 72' lang='lat' dir='ltr'><strong>monialis.</strong></span> 
     </span>
     <span class='ocr_line' id='line_1_120' title="bbox 516 2042 678 2077; baseline 0 -9"><span class='ocrx_word' id='word_1_376' title='bbox 516 2042 643 2077; x_wconf 81' lang='lat' dir='ltr'><strong>Rugerus</strong></span> <span class='ocrx_word' id='word_1_377' title='bbox 662 2042 678 2068; x_wconf 90' lang='lat' dir='ltr'><strong>l.</strong></span> 
     </span>
    </p>

    <p class='ocr_par' dir='ltr' id='par_1_48' title="bbox 516 2083 1181 2119">
     <span class='ocr_line' id='line_1_121' title="bbox 516 2083 1181 2119; baseline -0.002 -8"><span class='ocrx_word' id='word_1_378' title='bbox 516 2085 662 2112; x_wconf 79' lang='lat' dir='ltr'><strong>Heiuricus</strong></span> <span class='ocrx_word' id='word_1_379' title='bbox 680 2094 715 2111; x_wconf 84' lang='lat' dir='ltr'><strong>m.</strong></span> <span class='ocrx_word' id='word_1_380' title='bbox 736 2094 760 2110; x_wconf 89' lang='lat' dir='ltr'><strong>n.</strong></span> <span class='ocrx_word' id='word_1_381' title='bbox 781 2094 823 2119; x_wconf 76' lang='lat' dir='ltr'><strong>eg.</strong></span> <span class='ocrx_word' id='word_1_382' title='bbox 860 2083 1000 2110; x_wconf 79' lang='lat' dir='ltr'><strong>Erhardus</strong></span> <span class='ocrx_word' id='word_1_383' title='bbox 1018 2083 1078 2117; x_wconf 88' lang='lat' dir='ltr'><strong>pbr.</strong></span> <span class='ocrx_word' id='word_1_384' title='bbox 1098 2086 1125 2110; x_wconf 83' lang='lat' dir='ltr'><strong>et</strong></span> <span class='ocrx_word' id='word_1_385' title='bbox 1146 2093 1181 2110; x_wconf 88' lang='lat' dir='ltr'><strong>m.</strong></span> 
     </span>
    </p>

    <p class='ocr_par' dir='ltr' id='par_1_49' title="bbox 515 2128 763 2155">
     <span class='ocr_line' id='line_1_122' title="bbox 515 2128 763 2155; baseline -0.004 0"><span class='ocrx_word' id='word_1_386' title='bbox 515 2128 671 2155; x_wconf 86' lang='lat' dir='ltr'>Ludovicus</span> <span class='ocrx_word' id='word_1_387' title='bbox 690 2128 763 2154; x_wconf 79' lang='lat' dir='ltr'><strong>diac.</strong></span> 
     </span>
    </p>

    <p class='ocr_par' dir='ltr' id='par_1_50' title="bbox 517 2171 888 2206">
     <span class='ocr_line' id='line_1_123' title="bbox 517 2171 888 2206; baseline -0.003 -9"><span class='ocrx_word' id='word_1_388' title='bbox 517 2172 704 2206; x_wconf 81' lang='lat' dir='ltr'>Wolfgangus</span> <span class='ocrx_word' id='word_1_389' title='bbox 725 2171 786 2205; x_wconf 90' lang='lat' dir='ltr'><strong>pbr.</strong></span> <span class='ocrx_word' id='word_1_390' title='bbox 807 2173 834 2197; x_wconf 77' lang='lat' dir='ltr'><strong>et</strong></span> <span class='ocrx_word' id='word_1_391' title='bbox 854 2180 888 2197; x_wconf 76' lang='grc' dir='ltr'>ιιι.</span> 
     </span>
    </p>

    <p class='ocr_par' dir='ltr' id='par_1_51' title="bbox 516 2214 883 2248">
     <span class='ocr_line' id='line_1_124' title="bbox 516 2214 883 2248; baseline 0 -8"><span class='ocrx_word' id='word_1_392' title='bbox 516 2215 685 2241; x_wconf 70' lang='lat' dir='ltr'><strong>Wemherus</strong></span> <span class='ocrx_word' id='word_1_393' title='bbox 706 2214 776 2240; x_wconf 78' lang='lat' dir='ltr'><strong>diac.</strong></span> <span class='ocrx_word' id='word_1_394' title='bbox 797 2224 821 2240; x_wconf 87' lang='lat' dir='ltr'><strong>n.</strong></span> <span class='ocrx_word' id='word_1_395' title='bbox 842 2223 883 2248; x_wconf 83' lang='lat' dir='ltr'><strong>cg.</strong></span> 
     </span>
    </p>

    <p class='ocr_par' dir='ltr' id='par_1_52' title="bbox 515 2253 1574 2327">
     <span class='ocr_line' id='line_1_125' title="bbox 516 2253 1574 2291; baseline -0.005 -7"><span class='ocrx_word' id='word_1_396' title='bbox 516 2258 684 2285; x_wconf 78' lang='lat' dir='ltr'><strong>Bertholdus</strong></span> <span class='ocrx_word' id='word_1_397' title='bbox 704 2267 737 2283; x_wconf 83' lang='lat'><strong>111.</strong></span> <span class='ocrx_word' id='word_1_398' title='bbox 757 2267 782 2284; x_wconf 86' lang='lat' dir='ltr'><strong>n.</strong></span> <span class='ocrx_word' id='word_1_399' title='bbox 803 2266 844 2291; x_wconf 86' lang='lat' dir='ltr'><strong>cg.</strong></span> <span class='ocrx_word' id='word_1_400' title='bbox 881 2257 1036 2284; x_wconf 66' lang='lat' dir='ltr'><strong>Fridericus</strong></span> <span class='ocrx_word' id='word_1_401' title='bbox 1056 2256 1119 2282; x_wconf 80' lang='lat' dir='ltr'><strong>abb.</strong></span> <span class='ocrx_word' id='word_1_402' title='bbox 1156 2256 1297 2289; x_wconf 78' lang='lat' dir='ltr'><strong>[Ernestus</strong></span> <span class='ocrx_word' id='word_1_403' title='bbox 1317 2255 1379 2281; x_wconf 77' lang='lat' dir='ltr'><strong>abb.</strong></span> <span class='ocrx_word' id='word_1_404' title='bbox 1401 2254 1483 2280; x_wconf 74' lang='lat' dir='ltr'>huius</span> <span class='ocrx_word' id='word_1_405' title='bbox 1502 2253 1574 2286; x_wconf 85' lang='lat' dir='ltr'><strong>Ioci.]</strong></span> 
     </span>
     <span class='ocr_line' id='line_1_126' title="bbox 515 2300 766 2327; baseline 0 -1"><span class='ocrx_word' id='word_1_406' title='bbox 515 2301 684 2327; x_wconf 72' lang='lat' dir='ltr'><strong>VVemherus</strong></span> <span class='ocrx_word' id='word_1_407' title='bbox 703 2300 766 2326; x_wconf 84' lang='lat' dir='ltr'><strong>abb.</strong></span> 
     </span>
    </p>

    <p class='ocr_par' dir='ltr' id='par_1_53' title="bbox 519 2341 1320 2378">
     <span class='ocr_line' id='line_1_127' title="bbox 519 2341 1320 2378; baseline -0.005 -8"><span class='ocrx_word' id='word_1_408' title='bbox 519 2344 713 2378; x_wconf 68' lang='lat' dir='ltr'>wolfgangus,</span> <span class='ocrx_word' id='word_1_409' title='bbox 733 2343 909 2370; x_wconf 65' lang='lat' dir='ltr'><strong>Eberhardus</strong></span> <span class='ocrx_word' id='word_1_410' title='bbox 930 2342 986 2377; x_wconf 77' lang='lat' dir='ltr'><strong>phi.</strong></span> <span class='ocrx_word' id='word_1_411' title='bbox 1006 2344 1033 2369; x_wconf 72' lang='lat' dir='ltr'><strong>et</strong></span> <span class='ocrx_word' id='word_1_412' title='bbox 1053 2342 1099 2368; x_wconf 84' lang='lat' dir='ltr'><strong>mi.</strong></span> <span class='ocrx_word' id='word_1_413' title='bbox 1137 2341 1283 2368; x_wconf 70' lang='lat' dir='ltr'><strong>I&#39;dalricus</strong></span> <span class='ocrx_word' id='word_1_414' title='bbox 1304 2341 1320 2366; x_wconf 95' lang='lat' dir='ltr'><strong>l.</strong></span> 
     </span>
    </p>

    <p class='ocr_par' dir='ltr' id='par_1_54' title="bbox 518 2386 839 2421">
     <span class='ocr_line' id='line_1_128' title="bbox 518 2386 839 2421; baseline -0.006 -7"><span class='ocrx_word' id='word_1_415' title='bbox 518 2388 658 2421; x_wconf 79' lang='lat' dir='ltr'><strong>Rupertus</strong></span> <span class='ocrx_word' id='word_1_416' title='bbox 678 2386 737 2420; x_wconf 87' lang='lat' dir='ltr'><strong>pbr.</strong></span> <span class='ocrx_word' id='word_1_417' title='bbox 757 2388 785 2413; x_wconf 75' lang='lat' dir='ltr'><strong>et</strong></span> <span class='ocrx_word' id='word_1_418' title='bbox 804 2396 839 2412; x_wconf 89' lang='lat' dir='ltr'><strong>m.</strong></span> 
     </span>
    </p>

    <p class='ocr_par' dir='ltr' id='par_1_55' title="bbox 518 2430 820 2456">
     <span class='ocr_line' id='line_1_129' title="bbox 518 2430 820 2456; baseline -0.003 0"><span class='ocrx_word' id='word_1_419' title='bbox 518 2430 684 2456; x_wconf 56' lang='lat' dir='ltr'><strong>Elimbetha</strong></span> <span class='ocrx_word' id='word_1_420' title='bbox 703 2430 820 2456; x_wconf 82' lang='lat' dir='ltr'><strong>ducissa.</strong></span> 
     </span>
    </p>
   </div>
   <div class='ocr_carea' id='block_1_19' title="bbox 894 2509 1166 2544">
    <p class='ocr_par' dir='ltr' id='par_1_56' title="bbox 894 2509 1166 2544">
     <span class='ocr_line' id='line_1_130' title="bbox 894 2509 1166 2544; baseline -0.004 0"><span class='ocrx_word' id='word_1_421' title='bbox 894 2509 1166 2544; x_wconf 83' lang='lat' dir='ltr'><strong>NOVEMBER.</strong></span> 
     </span>
    </p>
   </div>
   <div class='ocr_carea' id='block_1_20' title="bbox 517 2573 1194 2781">
    <p class='ocr_par' dir='ltr' id='par_1_57' title="bbox 520 2573 1194 2651">
     <span class='ocr_line' id='line_1_131' title="bbox 520 2573 1194 2609; baseline -0.004 -7"><span class='ocrx_word' id='word_1_422' title='bbox 520 2575 649 2602; x_wconf 78' lang='lat' dir='ltr'><strong>Albertus</strong></span> <span class='ocrx_word' id='word_1_423' title='bbox 669 2584 703 2601; x_wconf 86' lang='lat' dir='ltr'><strong>m.</strong></span> <span class='ocrx_word' id='word_1_424' title='bbox 723 2584 748 2601; x_wconf 83' lang='lat' dir='ltr'><strong>n.</strong></span> <span class='ocrx_word' id='word_1_425' title='bbox 771 2584 812 2609; x_wconf 79' lang='lat' dir='ltr'><strong>cg.</strong></span> <span class='ocrx_word' id='word_1_426' title='bbox 845 2574 1014 2601; x_wconf 78' lang='lat' dir='ltr'><strong>Wilhelmus</strong></span> <span class='ocrx_word' id='word_1_427' title='bbox 1032 2573 1092 2608; x_wconf 90' lang='lat' dir='ltr'><strong>pbr.</strong></span> <span class='ocrx_word' id='word_1_428' title='bbox 1112 2576 1139 2600; x_wconf 74' lang='lat' dir='ltr'><strong>et</strong></span> <span class='ocrx_word' id='word_1_429' title='bbox 1159 2583 1194 2599; x_wconf 81' lang='lat' dir='ltr'><strong>m.</strong></span> 
     </span>
     <span class='ocr_line' id='line_1_132' title="bbox 520 2618 843 2651; baseline -0.003 -7"><span class='ocrx_word' id='word_1_430' title='bbox 520 2618 683 2645; x_wconf 74' lang='lat' dir='ltr'><strong>Lambertus</strong></span> <span class='ocrx_word' id='word_1_431' title='bbox 703 2627 737 2643; x_wconf 89' lang='grc' dir='ltr'>ιιι.</span> <span class='ocrx_word' id='word_1_432' title='bbox 756 2627 780 2643; x_wconf 73' lang='grc' dir='ltr'><strong>η,</strong></span> <span class='ocrx_word' id='word_1_433' title='bbox 802 2626 843 2651; x_wconf 83' lang='lat' dir='ltr'><strong>cg.</strong></span> 
     </span>
    </p>

    <p class='ocr_par' dir='ltr' id='par_1_58' title="bbox 519 2659 1042 2737">
     <span class='ocr_line' id='line_1_133' title="bbox 521 2659 1042 2694; baseline -0.004 -7"><span class='ocrx_word' id='word_1_434' title='bbox 521 2661 683 2692; x_wconf 65' lang='lat' dir='ltr'><strong>Bernartius,</strong></span> <span class='ocrx_word' id='word_1_435' title='bbox 704 2660 853 2687; x_wconf 79' lang='lat' dir='ltr'>Haimicus</span> <span class='ocrx_word' id='word_1_436' title='bbox 872 2659 929 2694; x_wconf 83' lang='lat' dir='ltr'><strong>pbi.</strong></span> <span class='ocrx_word' id='word_1_437' title='bbox 949 2662 977 2687; x_wconf 65' lang='lat' dir='ltr'><strong>et</strong></span> <span class='ocrx_word' id='word_1_438' title='bbox 996 2659 1042 2686; x_wconf 86' lang='lat' dir='ltr'><strong>mi.</strong></span> 
     </span>
     <span class='ocr_line' id='line_1_134' title="bbox 519 2704 828 2737; baseline -0.003 -7"><span class='ocrx_word' id='word_1_439' title='bbox 519 2704 668 2730; x_wconf 75' lang='lat' dir='ltr'>Haimicus</span> <span class='ocrx_word' id='word_1_440' title='bbox 686 2713 721 2729; x_wconf 92' lang='lat' dir='ltr'><strong>m.</strong></span> <span class='ocrx_word' id='word_1_441' title='bbox 740 2713 766 2729; x_wconf 87' lang='lat' dir='ltr'><strong>n.</strong></span> <span class='ocrx_word' id='word_1_442' title='bbox 786 2713 828 2737; x_wconf 84' lang='lat' dir='ltr'><strong>cg.</strong></span> 
     </span>
    </p>

    <p class='ocr_par' dir='ltr' id='par_1_59' title="bbox 517 2747 953 2781">
     <span class='ocr_line' id='line_1_135' title="bbox 517 2747 953 2781; baseline -0.005 -8"><span class='ocrx_word' id='word_1_443' title='bbox 517 2747 663 2773; x_wconf 80' lang='lat' dir='ltr'><strong>Hainricus</strong></span> <span class='ocrx_word' id='word_1_444' title='bbox 684 2747 743 2781; x_wconf 89' lang='lat' dir='ltr'><strong>pbr.</strong></span> <span class='ocrx_word' id='word_1_445' title='bbox 763 2750 790 2773; x_wconf 86' lang='lat' dir='ltr'><strong>et</strong></span> <span class='ocrx_word' id='word_1_446' title='bbox 811 2755 845 2772; x_wconf 86' lang='lat' dir='ltr'><strong>m.</strong></span> <span class='ocrx_word' id='word_1_447' title='bbox 865 2755 889 2772; x_wconf 89' lang='lat' dir='ltr'><strong>n.</strong></span> <span class='ocrx_word' id='word_1_448' title='bbox 911 2755 953 2779; x_wconf 81' lang='lat' dir='ltr'><strong>eg.</strong></span> 
     </span>
    </p>
   </div>
  </div>
 </body>
</html>
