2085 2999
235 109 297 140 248
445 107 552 134 LIBER
570 105 929 133 ANNIVERSARIORUM
948 106 1130 133 FRATRUM
1149 106 1325 134 MINORUM
1344 107 1676 135 RATISBONENSIUM.

233 202 263 228 et
274 201 408 229 memoria
426 209 520 228 eorum
538 208 601 226 cum
613 199 694 226 iustis
713 208 767 226 non
780 199 926 231 scribatur,
945 199 993 226 sed
1012 199 1106 233 potius
1124 200 1306 235 largitatibus
1324 203 1353 228 et
1370 201 1512 229 beneficiis
1525 201 1649 228 fidelium
1666 201 1742 236 grati
1754 202 1883 237 largitori

233 245 367 271 bonorum
386 243 509 271 omnium
526 243 644 270 reddant
662 242 759 268 debita
776 242 868 268 laudis
892 241 986 268 officia
1008 251 1071 269 cum
1096 242 1240 277 Scriptura
1259 245 1344 270 teste:
1369 246 1467 271 sancta
1491 246 1520 271 et
1542 244 1661 271 salubris
1683 244 1720 271 sit
1743 245 1883 280 cogitacio

234 296 285 322 pro
304 286 442 313 defunctis
461 294 581 317 exorare,
600 288 633 312 ut
651 294 668 311 a
686 284 812 319 peccatis
830 285 981 312 solvantur.

336 329 380 355 Ad
398 328 618 363 intelligenciam
638 330 732 355 autem
751 336 857 359 eorum,
883 336 936 361 que
960 328 989 354 in
1012 328 1065 355 hoc
1084 328 1156 355 libro
1176 328 1361 360 continentur,
1380 331 1423 356 est
1441 329 1597 362 sciendum,
1623 330 1697 363 quod
1715 330 1883 365 ubicumque

234 372 316 406 plura
334 371 446 398 nomina
464 372 514 398 sub
540 371 591 398 illa
613 371 735 398 dictione
759 371 828 397 item
846 371 1014 405 copulantur
1032 371 1077 398 vel
1102 380 1155 405 que
1179 380 1234 398 uno
1258 371 1287 398 in
1313 371 1358 398 die
1381 372 1592 399 conscribuntur
1616 375 1645 400 et
1669 373 1883 408 coniunguntm,

233 415 363 442 similiter
381 416 446 440 sunt
465 414 633 441 celebranda
651 416 736 447 atque
755 422 810 440 uno
830 413 873 439 die
892 414 1009 448 agenda.
1050 414 1120 440 Sunt
1144 416 1238 441 autem
1262 416 1291 440 et
1314 415 1397 449 plura
1419 414 1532 441 nomina
1551 415 1674 441 fidelium
1692 415 1722 441 in
1739 416 1793 442 hoc
1811 416 1883 443 libro

233 458 375 492 descripta
397 465 452 483 non
471 459 585 491 propter
610 457 811 488 anniversaria,
837 457 884 483 sed
907 459 1022 491 propter
1047 456 1220 491 sepulturam
1242 457 1386 484 nobiscum
1410 457 1464 491 piis
1488 457 1631 484 desideriis
1653 460 1811 492 acceptam,
1835 459 1883 493 qui

234 500 434 527 nichilominus
459 502 575 534 propter
597 500 728 527 affectum
751 500 895 532 devotum,
924 508 1006 533 quem
1031 500 1067 526 ad
1091 499 1191 527 fratres
1216 502 1301 534 atque
1327 500 1431 531 10011111,
1459 500 1525 526 dum
1550 500 1688 533 viverent,
1715 501 1882 533 habuerunt,

232 543 367 570 fratribus
384 543 484 569 merito
503 543 607 570 debent
626 542 770 569 sinceriter
793 551 851 569 esse
875 541 1093 569 recommendati
1117 542 1145 568 in
1169 543 1295 577 generali
1315 543 1360 569 vel
1379 543 1530 578 singulari,
1554 552 1670 577 quorum
1689 543 1776 570 eciam
1795 543 1884 577 aliqui

232 587 315 621 plura
339 586 411 612 bona
430 585 528 618 verbo,
552 585 647 612 favore
671 587 700 612 et
723 594 819 619 opere,
844 585 909 611 dum
933 584 961 610 in
980 585 1109 611 humanis
1127 588 1230 617 essent,
1253 585 1385 612 fratribus
1405 586 1603 618 exhibuerunt,
1628 586 1728 620 quibus
1746 586 1884 613 retribuat

234 629 362 657 dominus
381 629 484 660 1hesus,
504 628 552 662 qui
572 631 614 655 est
632 628 795 655 benedictus
814 628 843 654 in
861 627 963 660 secula,
983 636 1072 654 amen.

917 767 999 803 IAN
1002 767 1193 803 UARIUS.

346 837 402 863 kal.
467 837 489 863 1.
543 835 754 863 Anniversarius
773 835 822 862 Ch.
841 835 937 866 Huter,
957 834 1083 861 Elisabet
1102 833 1194 860 uxoris
1212 833 1370 860 celebratur
1388 832 1438 858 sub
1458 841 1539 866 pena.

286 880 332 906 IV.
345 889 410 907 11011.
463 879 487 905 2.
541 878 632 913 [Anno
646 878 750 904 domini
765 878 829 904 1471
844 877 886 904 ob.
901 877 1067 904 venerabilis
1086 879 1175 911 pater,
1194 876 1226 902 fr.
1239 876 1377 902 Iohannes
1395 875 1464 907 Rab,
1476 875 1628 910 gardianus
1641 876 1702 908 loci,
1721 876 1750 902 in
1763 876 1884 904 crastino

594 920 815 947 Circumcisionis
833 921 956 951 Domini,
986 922 1149 954 procurator
1172 919 1295 953 optimus
1320 921 1348 946 et
1372 919 1461 946 fidelis
1485 921 1660 946 conservator
1679 921 1708 947 et
1725 919 1884 947 benefactor

592 963 734 998 specialis.
758 965 791 990 ut
814 963 900 990 claret
918 963 947 989 in
966 962 1062 989 multis
1081 961 1196 988 edificiis
1215 970 1269 988 non
1287 962 1405 988 terrenis
1423 963 1549 994 tantum,
1567 962 1616 989 sed
1634 964 1663 989 et
1680 962 1883 997 spiritualibus,

594 1007 709 1033 iuvenes
738 1006 883 1039 perplures
910 1005 1071 1037 nutriendo,
1106 1014 1162 1038 qua
1189 1005 1222 1032 de
1249 1014 1278 1031 re
1306 1004 1390 1039 digne
1415 1005 1474 1032 eius
1499 1005 1633 1032 memoria
1655 1006 1794 1033 habeatur
1821 1015 1884 1033 cum

595 1048 701 1083 vigiliis
720 1050 749 1075 et
767 1048 851 1075 missa
869 1049 1069 1079 defunctorum,
1089 1047 1167 1074 cuius
1186 1047 1279 1074 anima
1297 1048 1455 1081 requiescat
1473 1047 1502 1073 in
1521 1048 1608 1081 pace]

289 1093 337 1119 ΙΙΙ.
351 1101 414 1120 non.
467 1093 492 1119 3.
547 1092 597 1118 Ob.
617 1092 649 1117 fr.
669 1091 717 1118 Ch.
737 1091 771 1118 de
789 1091 958 1124 Sulczbach,
976 1091 1079 1121 lector.
1103 1091 1176 1117 filius
1199 1093 1363 1122 conventus,
1391 1091 1469 1117 dedit
1491 1091 1607 1117 calicem
1631 1093 1659 1117 et
1681 1091 1765 1117 bonos
1789 1091 1883 1124 libros,

594 1134 782 1166 celebratur.¹)
829 1134 1041 1161 Anniversarius
1066 1134 1224 1168 Margarete
1250 1133 1388 1168 Spitzerin
1420 1133 1577 1160 celebratur
1603 1134 1654 1160 sub
1681 1143 1761 1168 pena.
1799 1134 1883 1160 Anni-

595 1179 732 1206 versarius
749 1178 863 1205 Hanrici
882 1177 1037 1204 Sehambek
1056 1177 1219 1204 celebratur.

261 1220 335 1247 VIII.
349 1221 386 1247 id.
465 1221 489 1248 6.
544 1221 595 1248 Ob.
608 1221 772 1248 Gebhardus
786 1220 966 1247 Paulstorffer
985 1220 1017 1246 de
1032 1219 1210 1254 Tenesperig,
1230 1219 1276 1246 hic
1288 1219 1414 1253 sepultus
1428 1228 1489 1246 cuin
1503 1219 1675 1253 parentibus,
1695 1228 1766 1247 anno
1779 1219 1884 1246 domini

594 1265 692 1298 13362)
720 1265 770 1291 Ob.
789 1264 916 1291 dominus
935 1263 1096 1297 Dyepoldus
1114 1263 1212 1290 Vesler
1230 1272 1292 1289 cum
1311 1271 1403 1293 uxore,
1423 1262 1627 1290 anniversarius
1646 1263 1815 1295 celebratur,
1835 1262 1883 1296 qui

593 1308 671 1335 dedit
689 1307 908 1334 monstranciam
931 1316 981 1341 pro
1005 1315 1118 1341 corpore
1137 1306 1248 1333 Christi.
1285 1308 1357 1334 Item
1379 1306 1584 1333 anniversarius
1603 1307 1690 1333 Ulrici
1711 1306 1831 1334 Sartoris
1850 1306 1884 1333 (10

593 1351 717 1378 llchofeu
737 1351 893 1378 celebratur
912 1350 962 1376 sub
982 1359 1063 1384 pena.

287 1394 335 1420 VI.
349 1393 385 1420 id.
467 1394 491 1420 8.
544 1393 756 1421 Anniversarius
775 1393 902 1420 Elizabet
920 1393 1025 1427 Kergin
1044 1392 1207 1424 celebratur,
1227 1392 1294 1426 quia
1306 1393 1392 1419 habet
1405 1392 1523 1419 literam.
1552 1392 1762 1419 Anniversarius
1774 1392 1884 1419 Alberti

593 1436 738 1463 Reutmair
755 1436 828 1462 fabri
848 1436 1005 1463 celebratur
1023 1437 1089 1462 ante
1110 1436 1152 1461 vel
1172 1437 1235 1469 post
1249 1437 1313 1462 octo
1332 1435 1402 1466 dies,
1425 1435 1552 1469 sepultus
1572 1444 1664 1462 coram
1683 1435 1767 1462 altari
1787 1437 1884 1462 sancte

593 1479 743 1510 Christffle,
763 1479 841 1505 dedit
860 1479 876 1505 5
890 1480 915 1505 111
932 1479 956 1511 ε).
993 1478 1206 1505 Anniversarius
1227 1478 1314 1504 Ulrici
1332 1478 1456 1504 Wanner
1475 1478 1644 1510 celebratur,
1664 1478 1755 1505 dictus
1778 1478 1884 1505 Hedrer

593 1522 680 1549 habet
698 1522 815 1548 literam.

287 1565 386 1592 1V.id.
449 1565 489 1593 10.
543 1564 756 1591 Anniversarius
779 1564 903 1590 Haiurici
927 1564 1099 1598 Bamburger
1126 1564 1196 1591 feria.
1219 1566 1298 1591 sexta
1323 1566 1387 1598 post
1412 1564 1531 1591 Erhardi
1555 1564 1713 1591 celebratur
1731 1563 1782 1590 sub
1802 1572 1883 1598 pena.

594 1607 697 1634 Eodem
725 1607 769 1634 die
801 1607 1005 1633 anniversarius
1035 1607 1142 1633 Andree
1177 1607 1340 1639 Pondorfer,
1368 1607 1526 1641 Margarete
1555 1607 1769 1639 Hoehdorferin,
1800 1607 1884 1634 Ofnai

593 1650 705 1681 sororis3
725 1650 852 1676 Elizabet
871 1649 1023 1676 Str-{mninn
1043 1649 1232 1683 celebratum

346 1693 383 1720 id.
447 1693 486 1720 13.
541 1693 591 1720 Ob.
618 1694 745 1720 Erasmus
768 1693 955 1728 Regeldorfer,
982 1693 1055 1719 filius
1086 1693 1193 1720 Andree
1222 1693 1414 1727 Regeldorfer,
1442 1693 1487 1719 hic
1513 1693 1653 1727 sepultus,
1681 1701 1753 1719 anno
1779 1692 1883 1720 domini

595 1737 668 1763 1446.
714 1736 927 1762 Anniversarius
958 1736 1062 1762 domini
1091 1736 1139 1762 Ch.
1168 1736 1238 1762 Stoll
1274 1735 1401 1762 canonici
1434 1736 1547 1763 maioris
1575 1736 1690 1763 ecclesie
1718 1736 1883 1764 celebratur.

592 1779 663 1806 Item
688 1779 893 1806 anniversarius
911 1779 1049 1806 Wernlini
1074 1779 1181 1805 Planck
1207 1779 1241 1805 de
1260 1778 1361 1813 Essing
1388 1779 1556 1810 celebratur,
1585 1787 1658 1806 anno
1685 1779 1789 1806 domini
1809 1780 1883 1812 1451,

592 1822 690 1848 famuli
710 1822 805 1848 nostri.

257 1865 331 1891 XIX.
345 1865 401 1893 kal.
448 1866 488 1892 14.
541 1865 754 1892 Anniversarius
775 1865 897 1899 Dyetrici
917 1865 950 1892 de
970 1864 1068 1895 osten,
1095 1864 1140 1890 hic
1160 1864 1288 1898 sepultus
1307 1873 1368 1890 cum
1388 1866 1469 1898 patre
1488 1873 1537 1890 suo
1557 1864 1680 1891 Fridrico
1699 1864 1883 1897 Mukentaler,

595 1910 752 1936 celebratur
770 1909 820 1935 sub
840 1918 921 1943 pena,
941 1917 1014 1934 anno
1033 1907 1137 1934 domini
1157 1909 1232 1935 1459.

233 1952 335 1979 XVIII.
348 1953 404 1979 kal.
452 1953 492 1979 15.
545 1953 758 1979 Anniversarius
776 1952 870 1979 fratris
890 1952 1014 1978 Hainrici
1034 1952 1146 1978 Tanner
1165 1960 1197 1978 ac
1217 1960 1329 1978 suarum
1349 1953 1530 1985 cognatarum
1544 1950 1714 1980 Mechtildis.
1733 1950 1883 1984 Irmgardis

594 1997 622 2021 et
640 1995 793 2022 Hiltmudis
813 1995 978 2022 celebratur.

259 2039 332 2065 XVI.
346 2039 402 2065 kal.
449 2039 488 2065 17.
542 2038 754 2064 Anniversarius
774 2038 892 2064 Cristine
911 2037 1086 2072 Tollingerin
1107 2037 1273 2064 celebratur.

273 2082 332 2107 XV.
346 2081 402 2108 kal.
449 2082 489 2108 18.
543 2081 633 2115 [Anno
653 2081 684 2106 77
704 2081 747 2107 ob.
768 2080 935 2107 venerabilis
954 2090 979 2114 p.
999 2082 1027 2106 et
1046 2081 1076 2105 fr.
1106 2080 1240 2106 lohannes
1261 2079 1350 2105 Viller
1373 2079 1400 2104 in
1425 2078 1469 2105 die
1489 2078 1581 2105 Prisce
1601 2078 1725 2112 virginis,
1745 2078 1793 2112 qui
1812 2078 1883 2105 bene

593 2123 660 2150 fecit
681 2123 830 2150 conventui
850 2133 911 2149 cum
930 2123 1100 2156 elemosina]

260 2167 335 2193 XIII.
349 2167 405 2194 kal.
449 2168 490 2195 20.
545 2167 615 2193 Octo
640 2167 698 2193 dies
726 2168 791 2193 ante
818 2166 862 2192 vel
891 2168 955 2200 post
982 2166 1139 2192 celebratur
1167 2164 1372 2192 anniversarius
1408 2164 1512 2190 domiui
1542 2163 1672 2191 Iohannis
1696 2163 1785 2195 Keck,
1814 2163 1883 2190 50011

593 2209 739 2244 parrochie
759 2209 900 2236 Inferioris
918 2209 1079 2235 Mouasterii
1098 2209 1148 2235 sub
1167 2217 1247 2242 pena.

302 2253 334 2280 X.
348 2253 405 2280 kal.
449 2253 490 2280 23.
545 2253 596 2279 Ob.
624 2253 797 2279 Hermanuus
824 2253 936 2283 Maller,
961 2252 1007 2278 hic
1033 2252 1171 2286 sepultus,
1202 2252 1326 2278 1309***.
1363 2250 1463 2277 Obitus
1487 2249 1591 2276 domini
1615 2249 1738 2275 Hainrici
1762 2249 1884 2276 Nothaft

594 2295 743 2321 militis***
763 2296 796 2321 de
816 2315 822 2322 .
838 2316 843 2321 .
858 2315 864 2321 .
884 2296 912 2321 et
931 2295 1051 2321 filiorum
1069 2294 1194 2320 Hainrioi
1214 2296 1242 2321 et
1262 2293 1448 2320 Hemiuerami
1471 2295 1500 2320 et
1523 2292 1644 2324 Alberti,
1669 2301 1785 2326 quorum
1804 2292 1881 2318 anni-

593 2338 730 2365 versarius
750 2338 913 2369 celebratur,
933 2346 1006 2364 anno
1026 2337 1129 2364 domini
1151 2338 1216 2363 1445
1235 2337 1278 2363 01).

290 2381 336 2407 IX.
350 2381 407 2407 kal.
451 2381 492 2407 24.
546 2381 677 2408 Ernestus
696 2381 807 2413 Noczel,
828 2380 873 2407 hic
893 2381 1027 2414 sepultus,
1047 2389 1119 2407 anno
1139 2380 1242 2407 domini
1262 2380 1356 2406 1336&

261 2424 336 2450 VIII.
350 2423 405 2450 kal.
451 2425 492 2450 25.
546 2424 596 2450 Ob.
621 2424 732 2450 domina
760 2423 906 2450 Elizabeth
933 2424 966 2449 de
994 2423 1194 2455 Hauczendorf,
1222 2423 1267 2449 hic
1295 2423 1418 2457 sepulta,
1445 2431 1517 2449 anno
1546 2421 1649 2448 (10111101
1679 2421 1753 2447 1316.
1798 2420 1883 2447 Anni-

593 2466 729 2493 versarius
755 2467 804 2493 Ch.
830 2467 953 2497 Rauber,
983 2467 1102 2501 Irmgart
1128 2466 1220 2493 uxoris
1247 2467 1405 2493 celebratur
1432 2467 1546 2500 propter
1573 2465 1676 2491 vitrum
1703 2464 1732 2490 in
1755 2463 1882 2494 ecclesia,

592 2519 665 2536 anno
690 2510 794 2536 domini
823 2510 897 2536 1301.
938 2509 1150 2536 Anniversarius
1174 2509 1326 2536 Leukardis
1351 2508 1546 2543 Sarchingerin
1572 2511 1635 2535 octo
1663 2507 1721 2534 dies
1749 2509 1814 2533 ante
1838 2506 1882 2533 vel

594 2555 657 2586 post
665 2554 684 2583 ⁴)
706 2553 863 2579 celebratur
883 2561 956 2579 anno
976 2553 1079 2579 domini
1094 2554 1168 2580 1405.
1206 2553 1287 2585 [Item
1305 2553 1368 2578 1466
1382 2553 1424 2578 ob.
1438 2552 1569 2578 honestus
1589 2551 1631 2577 vir
1649 2551 1712 2577 lobs
1732 2549 1881 2583 Clausner]

340 2648 359 2675 ¹)
379 2646 419 2672 Sc.
439 2647 649 2673 anniversarius.
754 2648 774 2679 ²)
794 2648 829 2673 1η
846 2648 967 2681 maryine
985 2655 1062 2673 arma
1079 2648 1136 2673 eius
1154 2650 1176 2673 et
1189 2647 1407 2681 Imulqraviorum
1426 2646 1457 2672 cle
1470 2645 1662 2678 chcchtenberg)
1680 2645 1785 2678 depicta
1803 2646 1881 2676 sunt,-

234 2690 318 2713 mater
344 2688 477 2714 Gebhardi
503 2689 617 2715 Beati-ix
643 2698 724 2716 coma.
753 2690 784 2716 (Ie
810 2690 1004 2723 Leaehtenbcry
1031 2690 1093 2721 fuit.
1212 2691 1232 2720 ³)
1255 2690 1337 2715 quta
1362 2694 1398 2715 11.
1419 2689 1479 2714 Ian.
1512 2697 1588 2714 arma
1613 2689 1701 2723 gentis
1724 2687 1826 2713 Ramer
1852 2687 1882 2711 in

233 2732 354 2765 711arqine
375 2731 497 2764 ridemus,
517 2740 564 2758 nec
582 2736 670 2758 tamen
690 2736 754 2759 nota
772 2734 808 2759 eis
826 2741 946 2765 unquam
965 2733 1104 2766 adscripta
1123 2735 1166 2759 est.
1276 2735 1296 2763 ⁴)
1318 2734 1358 2758 Sc.
1379 2732 1580 2758 Cancer-sionem
1599 2740 1618 2758 s.
1633 2732 1716 2758 Pauli
1734 2731 1881 2764 (25.1an.).
