2085 2999
457 167 721 194 NECROLOGIUM
740 167 966 194 MONASTERII
986 167 1010 193 S.
1032 167 1259 193 EMMERAMMI
1281 167 1574 194 RATISBONENSIS.
1780 170 1841 200 319

548 262 639 293 Otto
665 262 1083 303 epS.Ratisp011ensis.
1124 262 1330 294 Obnradus
1354 273 1456 303 puer.
1493 262 1722 294 Altmannus
1746 263 1837 306 pbr.]

547 313 669 344 Richza
704 313 798 344 abba.
837 314 876 344 de
912 314 1061 345 Inferiori
1093 314 1298 345 Monasterio.
1349 314 1539 345 Haertwicus
1575 325 1620 345 cv.
1656 326 1697 346 m.
1728 326 1757 346 n.
1791 325 1840 357 cg.

547 365 754 396 Adelhardus
778 365 846 406 pbr.
873 369 905 396 ef
928 376 970 396 m.
994 377 1024 397 n.
1050 376 1097 407 Cg-
1134 373 1277 400 Cristanus
1297 374 1356 407 pbr.
1377 382 1437 399 can.
1457 374 1572 400 ecclesie
1591 374 1712 401 maioris.

300 434 362 451 non·
418 426 441 451 7,
489 416 691 459 [Magstnus
722 427 763 447 m.
812 416 949 448 Tiemo
982 417 1001 448 l.
1035 417 1090 448 ob.
1139 417 1309 448 Beatrix
1332 428 1373 448 m.
1419 417 1612 459 Willipirc
1636 429 1767 449 nonna
1793 419 1839 449 de

546 468 739 499 Inferiori
762 468 1018 500 Monasterio.
1058 469 1377 509 Meginhalmusfl)
1403 469 1481 510 pbr.
1508 473 1544 500 et
1568 480 1608 500 m.
1635 469 1678 500 de
1703 469 1733 501 S.
1753 470 1840 506 Qui-

549 518 658 561 rino]
704 519 887 560 Stephanus
913 520 979 560 pbr.
1007 523 1039 550 ct
1072 531 1113 551 m.
1172 527 1280 554 Uh-icus
1299 528 1421 559 schad.¹)

215 579 340 605 V111,id,
419 580 442 605 8,
487 571 681 612 Pippinus
712 581 792 601 rex.
842 570 1086 612 Engilfridus
1116 571 1197 612 pbr.
1245 571 1470 602 Gisalmunt
1498 572 1517 602 l.
1569 572 1727 615 [Gumpo
1760 573 1840 614 pbr.

548 623 636 653 cler.
670 622 973 664 Erehanpertus
990 623 1076 654 abb.
1114 623 1218 654 Pabo
1237 623 1313 664 pbr.
1333 627 1423 654 etm.
1460 624 1556 654 Tbta
1573 635 1614 655 m.
1633 625 1689 655 ob.
1727 625 1841 656 Adel-

545 674 638 705 heid
663 685 704 705 m.
743 673 986 714 sigehardus
1018 675 1101 705 abb.
1124 675 1491 706 VVezzinesbrunno.
1537 676 1736 707 Rihkerus
1761 677 1840 717 pbr.

547 728 583 756 et
607 725 660 766 nr]
698 717 865 757 Odalricus
888 725 992 756 Rufus
1017 737 1057 757 m.
1082 738 1110 757 n.
1137 737 1196 768 cg..
1221 730 1253 757 et
1275 727 1325 757 hic
1350 728 1426 757 cixis
1449 727 1542 758 huius
1558 727 1645 758 urbis
1669 732 1742 769 post
1765 739 1841 759 con-

548 777 730 808 bustionem
761 778 947 808 monasterii
977 779 1076 808 nostri
1105 780 1144 809 80
1168 778 1290 809 talenta
1314 778 1355 809 ad
1378 780 1648 810 restaurationem
1673 781 1740 810 eius
1765 790 1840 810 con-

548 829 634 868 tulit,
665 832 699 858 10
724 829 763 859 ad
789 830 892 870 tigna,
918 831 956 859 30
982 830 1023 860 ad
1046 830 1206 870 porticum
1230 830 1312 865 eius.
1342 831 1372 860 in
1397 831 1550 861 extremis
1575 831 1638 861 suis
1663 833 1701 861 20
1720 832 1841 862 talenta

550 880 732 921 deputavit,
762 880 900 911 absolvit
924 892 942 911 a
965 881 1148 922 Reginoldo
1174 881 1210 911 In
1235 881 1333 912 Porta
1364 881 1442 912 duas
1466 883 1576 913 vineas
1600 883 1630 913 in
1655 882 1842 914 Swebelwis

549 935 588 963 20
607 932 696 962 libris
719 932 790 972 puri
816 933 953 973 <argenti
978 933 1019 963 ad
1036 932 1272 974 perage>ndum
1297 934 1547 965 anniversarium
1572 945 1673 965 suum.
1709 934 1841 965 Summa

551 984 702 1025 pecunie,
742 994 837 1024 quan]
877 984 918 1014 ad
958 985 1083 1015 diversa
1121 985 1252 1026 negotia
1284 1009 1320 1016 ..
1347 1010 1352 1016 .
1378 1011 1383 1015 .
1431 994 1555 1027 Rugerus
1583 994 1656 1027 pleb.
1686 994 1840 1027 Superioris

551 1034 719 1061 Monasterii.
740 1035 890 1061 obellarius
909 1036 1002 1061 servit.

229 1085 340 1112 VILid.
421 1087 444 1112 9.
491 1077 747 1120 [Ha-damarus
780 1078 856 1119 pbr.
892 1082 928 1109 et
961 1090 1002 1110 1n.
1048 1079 1334 1120 Meginhardus
1358 1079 1437 1120 pbr.
1463 1082 1500 1110 et
1523 1090 1564 1111 m.
1590 1079 1635 1110 de
1661 1079 1691 1111 S.
1716 1080 1840 1111 Bene-

547 1129 678 1171 dicta]
725 1130 783 1160 Pie
808 1131 963 1161 memorie
989 1121 1157 1162 &dall-icus
1182 1131 1255 1161 abb.
1289 1131 1382 1161 huius
1417 1131 1517 1170 loci.²)
1568 1131 1776 1162 Bernhardus
1800 1143 1840 1162 m.

550 1192 578 1211 n.
605 1192 652 1222 cg.

246 1240 339 1266 VLid,
404 1240 443 1267 10.
490 1232 757 1273 Chadalhohh)
783 1233 952 1264 subdiac.
980 1238 1070 1264 etm.
1088 1245 1116 1264 n.
1153 1234 1337 1275 Liutpolt
1360 1233 1533 1265 marchio
1559 1245 1648 1265 com.
1688 1234 1842 1265 Rihwar

601 1309 606 1314 .
647 1283 802 1325 [Herolt
831 1284 909 1324 pbr.
943 1288 982 1314 ct
1005 1295 1046 1315 m.
1087 1284 1316 1326 sig-burchb)
1342 1295 1383 1315 m.
1430 1284 1650 1316 Richardus
1674 1286 1758 1316 abb.
1785 1286 1840 1316 ob.

549 1335 596 1366 de
625 1334 899 1377 Monasterio.]
946 1336 1052 1366 Iudita
1077 1336 1172 1367 abba.
1198 1336 1237 1367 de
1263 1336 1456 1367 Nivnburch.
1504 1335 1673 1367 Gozwinus
1697 1337 1840 1368 subdiac.

548 1397 588 1417 n1.
626 1398 655 1417 n.
691 1397 739 1428 cg.
787 1387 973 1418 Dietmarus
1004 1388 1022 1418 l.
1072 1388 1275 1429 Kunigundis
1304 1388 1322 1419 l.
1370 1396 1430 1428 [Ob.
1458 1397 1593 1430 magis-ter
1620 1397 1722 1423 Paulus
1751 1397 1840 1423 dictus

549 1438 667 1469 Wirder,
688 1438 762 1472 pleb.
783 1438 810 1463 in
831 1439 946 1471 Abacb]

257 1489 340 1515 vid.
406 1489 444 1515 11,
494 1480 770 1523 [VVolfkangus
795 1482 891 1512 diac.
918 1485 954 1512 ct
977 1493 1017 1512 m.
1043 1481 1086 1523 n.]
1128 1481 1318 1512 Ohunradus
1342 1493 1383 1514 m.
1408 1493 1436 1512 n.
1455 1493 1502 1524 cg.
1542 1483 1735 1514 Aeschricus
1760 1484 1840 1515 diac.

547 1543 588 1563 m.
618 1544 647 1563 n.
679 1543 726 1574 cg.
776 1533 929 1564 Albertus
958 1534 978 1564 l.
1026 1533 1102 1564 Otto
1139 1533 1205 1564 dux
1239 1534 1379 1565 Baiorie.
1430 1534 1629 1565 Wernherus
1664 1535 1682 1565 l.
1735 1535 1841 1566 Wolf-

548 1596 688 1616 rammus
712 1585 731 1616 1.
758 1586 871 1626 c01n.²³)
908 1585 1070 1626 Rupertus
1094 1585 1114 1616 l.
1149 1585 1210 1617 Ob.
1236 1585 1313 1616 Otto
1338 1586 1358 1617 l.
1405 1593 1510 1620 Cecilia
1529 1594 1546 1619 1.
1566 1596 1655 1620 mater
1673 1594 1795 1621 Ekkiirii.

245 1643 340 1670 lV.id.
405 1644 444 1670 12.
490 1636 620 1667 Altolf
651 1637 730 1677 pbr.
767 1640 807 1667 et
839 1647 880 1667 m.
933 1636 1236 1678 [Meginwardus
1271 1637 1348 1678 pbr.
1384 1640 1419 1668 et
1454 1648 1495 1668 m.
1531 1637 1571 1668 de
1607 1637 1637 1668 S.
1663 1637 1840 1680 Geor-gio.

547 1687 754 1729 Hiltipurc
780 1699 905 1718 nonna
931 1688 976 1718 de
1001 1688 1209 1729 Superiori
1233 1688 1485 1720 Monasterio.
1531 1689 1738 1721 Hunoldus
1762 1691 1841 1731 pbr.

549 1744 585 1771 et
609 1752 648 1771 m.
700 1740 885 1771 Ruotlint
910 1752 949 1771 m.
996 1741 1142 1780 Hezilc)
1175 1741 1253 1782 pbr.
1284 1745 1321 1771 et
1345 1752 1387 1773 m.
1417 1741 1458 1783 n.]
1508 1742 1721 1773 Gebehardus
1745 1753 1785 1773 m.
1811 1754 1839 1773 n.

547 1793 636 1826 [Anno
662 1793 766 1819 domini
798 1794 862 1819 1469
882 1793 924 1819 cb.
946 1794 1072 1819 dominus
1098 1793 1203 1827 Caspai·
1222 1794 1367 1819 Schennck
1396 1794 1464 1820 feriar
1489 1795 1567 1820 sexta
1594 1796 1656 1827 post
1675 1793 1839 1828 Margarete.

547 1844 606 1862 can.
629 1835 856 1869 Pratisponeiisiffi]

244 1886 290 1911 ΙΙΙ,
305 1885 341 1911 id.
406 1886 445 1912 13.
490 1878 708 1909 Heinricus
732 1880 983 1920 imperator-f*
1028 1878 1289 1921 Engilpertus
1314 1890 1360 1910 ex
1384 1881 1486 1911 laico
1511 1891 1562 1910 ρκ’.
1588 1891 1616 1911 n.
1652 1880 1841 1911 Albi-icus

548 1941 592 1961 ex
623 1931 725 1961 laico
752 1942 803 1962 cv.
829 1942 856 1962 n.
903 1930 1167 1972 [Adalbcrtus
1191 1931 1272 1972 pbr.
1299 1935 1338 1962 et
1361 1942 1402 1962 m.
1427 1930 1588 1973 Salgut.]
1639 1931 1707 1962 Leo
1733 1932 1840 1962 Ratis-

551 1983 701 2022 ponensis
727 1993 791 2022 eps.

252 2041 287 2067 11.
303 2040 337 2066 id.
403 2041 441 2066 14.
488 2033 738 2075 Embrieho4)
764 2034 1031 2074 piememorie.
1057 2044 1131 2075 eps.
1151 2034 1496 2076 Radasponensis.
1534 2034 1744 2066 Eberolfus
1762 2035 1840 2076 pbr.

548 2088 583 2115 et
607 2096 648 2115 m.
673 2096 702 2115 n.
750 2085 969 2115 Christiani
993 2086 1116 2116 occisi
1140 2089 1228 2116 sunt
1251 2087 1289 2116 in
1313 2085 1507 2117 Galabria
1531 2097 1549 2117 a
1574 2086 1840 2126 Sari-meumst)

548 2136 840 2178 [Pcrinhardus
870 2137 970 2167 diac.
1018 2138 1122 2168 Anzo
1147 2137 1226 2178 pbr.
1252 2141 1289 2168 et
1313 2148 1353 2169 m.
1380 2138 1426 2169 de
1452 2137 1594 2169 Sancto
1620 2138 1839 2179 Wigberto.

547 2188 693 2219 Ernost
726 2199 776 2220 cr.
812 2199 855 2219 ex
886 2187 1013 2231 laico]
1061 2188 1172 2220 Chbno
1206 2200 1246 2220 m.
1277 2201 1305 2220 n.
1332 2200 1380 2231 cg.
1426 2189 1559 2221 Diemut
1587 2190 1605 2220 l.
1652 2189 1791 2220 Diti-icus
1822 2189 1840 2220 l.

548 2239 587 2271 de
612 2240 889 2279 Haessenacllel'.⁵)
930 2249 1104 2275 Eberhardus
1125 2251 1206 2282 pater
1224 2249 1371 2276 VVernheri
1390 2250 1510 2275 armatis.
1530 2249 1679 2276 obellarius
1699 2250 1792 2275 servit.

306 2299 340 2325 id,
407 2301 446 2326 15,
493 2291 713 2334 [Elisabeth
737 2292 885 2334 nonna]
938 2292 1053 2333 Poppo
1078 2293 1148 2334 pbl'.
1179 2293 1231 2324 Ob.
1277 2293 1388 2324 Alheit
1419 2293 1438 2323 l.
1490 2301 1650 2327 Liiutwinus
1679 2300 1841 2326 Gaineridus

551 2352 610 2369 can.
630 2343 745 2369 maioris
765 2343 889 2370 ecclesie.
927 2343 1077 2376 Irmgardis
1096 2344 1327 2377 Gumprech‘tinn,
1347 2344 1511 2370 infirmarius
1531 2344 1623 2370 servit.

199 2394 356 2420 XV11,kal,
404 2395 442 2420 16,
488 2386 736 2427 Ruotpoldus
755 2412 760 2417 .
776 2412 781 2418 .
797 2413 802 2418 .
820 2399 850 2418 n.
888 2387 1062 2430 [Hagano
1080 2388 1162 2418 abb.
1182 2387 1225 2418 de
1242 2387 1505 2419 Herveldensi
1523 2388 1839 2428 congregatione.

549 2438 695 2469 Ortuni
734 2439 831 2470 diac.
870 2444 905 2469 et
943 2450 983 2469 m.
1020 2439 1063 2470 de
1102 2439 1133 2470 S.
1163 2439 1377 2480 Stephano.
1434 2439 1641 2469 Witradus
1675 2439 1758 2469 abb.
1795 2439 1838 2469 de

548 2489 578 2520 S.
596 2490 818 2521 Bonifacio.
856 2490 1099 2531 Ruotpertus
1115 2491 1134 2521 1.
1168 2490 1348 2521 Chuniza
1366 2501 1497 2521 nonna.
1523 2490 1720 2521 R6d01fus
1738 2501 1778 2521 m.
1797 2489 1839 2532 n.]

293 2655 316 2685 Ε·)
336 2655 371 2679 B:
391 2655 589 2687 Meginhelnius.
698 2655 721 2683 b)
741 2655 778 2679 B:
797 2656 932 2685 Cadaloch,
952 2656 1050 2679 Siburc.
1158 2657 1179 2685 c)
1199 2655 1238 2679 B.-
1256 2655 1351 2679 Wezel.

296 2713 313 2742 ¹)
331 2712 374 2738 D:
396 2713 546 2739 obellarius
560 2713 653 2739 servit.
743 2716 763 2745 2)
783 2714 826 2739 D.-
844 2713 1010 2739 infirmarius
1023 2713 1116 2740 servit.
1155 2714 1228 2745 E(3.
1243 2714 1333 2746 lulio:
1353 2713 1478 2747 sepultus
1498 2713 1526 2738 in
1541 2713 1675 2746 capit-ulo.
1760 2715 1780 2745 ³)
1803 2715 1841 2739 D:

189 2754 356 2782 infirmarius
374 2756 469 2783 servit.
585 2759 606 2788 ⁴)
626 2757 653 2783 B
672 2757 766 2783 addit:
785 2758 835 2783 sub
855 2757 1023 2791 imperatore
1042 2757 1144 2783 Ottone
1164 2757 1298 2787 seeundo.
1318 2757 1366 2790 qui
1385 2757 1478 2783 volens
1497 2765 1558 2783 eam
1577 2756 1682 2790 eripere
1702 2765 1717 2782 a
1737 2756 1839 2786 Grecis.

188 2798 280 2825 victus
300 2799 335 2824 ab
355 2798 457 2825 eisdem
477 2802 505 2826 et
524 2809 540 2826 a
559 2800 717 2826 Sarracenis
736 2800 830 2826 multis
849 2800 958 2826 amissis
977 2800 1058 2834 sugit.
1167 2801 1188 2833 ὗ)
1209 2800 1252 2826 D:
1272 2799 1421 2826 obellarius
1440 2800 1534 2827 servit.
