2085 2999
358 157 467 183 LIBER
487 156 853 183 ANNIVERSARIORUM
873 157 1052 183 FRATRUM
1070 158 1246 184 MINORUM
1266 158 1599 186 RATISBONENSIUM.
1745 164 1806 193 255

205 252 254 278 III.
267 251 304 278 id.
370 251 409 278 13.
464 250 555 284 [Anno
582 251 687 277 domini
716 252 782 278 1500
804 251 923 282 iubileo,
948 251 976 277 in
999 251 1043 277 die
1066 252 1156 278 sancti
1179 252 1294 278 Achacii
1317 253 1368 285 (22.
1383 253 1474 286 Iunii),
1502 255 1545 280 ob.
1580 255 1747 282 venerabilis
1775 265 1807 282 ac

514 293 617 320 nobilis
636 294 685 325 vir,
705 294 831 321 dominus
850 295 986 321 Iohannes
1005 294 1157 329 Geginger,
1181 304 1240 321 can.
1263 304 1295 322 ac
1322 296 1413 322 senior
1431 297 1549 331 capituli
1575 298 1690 324 ecclesie
1717 298 1808 325 Ratis-

514 337 655 370 ponensiS‚
685 337 762 364 cuius
783 338 899 369 (necnon
917 337 1061 364 reverendi
1081 337 1171 371 patris
1195 340 1223 364 et
1242 338 1347 364 domini
1366 339 1491 365 Udalrici
1510 340 1645 371 Awmair‚
1668 341 1807 374 quondam

516 379 684 413 suffraganei
713 380 816 406 domini
844 380 1066 414 Ratisponensis)
1092 380 1297 407 anniversarius
1321 381 1509 408 celebrabitur
1527 385 1663 416 perpetuo
1682 385 1806 417 tempore

514 422 544 447 in
563 422 682 448 salutem
701 423 856 449 animarum
874 431 986 448 suarum
1010 425 1038 449 et
1057 425 1205 456 parentum
1232 432 1341 450 suorum
1361 433 1394 450 ac
1414 424 1536 450 omnium
1555 425 1678 452 fidelium
1697 426 1806 453 defunc-

513 466 605 491 torum
624 473 710 498 prope
729 464 802 491 diem
822 465 973 491 Divisionis
1000 466 1190 499 apostolorum
1219 468 1270 498 (15.
1292 467 1368 499 Iulii)
1397 469 1460 493 octo
1494 467 1551 494 dies
1578 469 1643 494 ante
1672 469 1715 495 vel
1743 472 1807 503 post

513 507 715 538 indifferenter;
735 507 783 540 qui
795 507 819 533 si
832 507 995 541 negligitur,
1010 508 1162 541 puniantur
1175 509 1203 534 in
1217 509 1356 542 pietantia
1369 510 1546 543 guardianus,
1566 510 1806 545 vieeguardianus,

513 550 622 577 edituus
642 552 670 576 et
689 549 844 575 animarum
862 550 1014 581 intimator,
1036 551 1122 577 donec
1137 551 1332 583 celebrabitur,
1351 552 1525 586 neglicencia
1538 553 1626 580 eciam
1639 554 1806 581 redundabit

514 593 543 619 in
562 593 749 619 conseieneias
768 592 924 619 animarum
943 593 1109 627 eorundem]

266 635 303 662 id.
368 636 407 662 15.
465 635 516 662 Ob.
532 636 644 661 domina
657 635 817 669 Margareta
830 635 1021 666 Prunhoferin,
1041 635 1087 662 hic
1106 636 1225 670 sepulta,
1245 645 1315 663 anno
1331 637 1435 663 domini
1450 638 1566 672 1372.*¹)
1595 638 1806 666 Anniversarius

516 678 620 704 domini
640 677 688 704 Ch.
708 678 741 704 de
761 678 899 704 Parochia
918 678 1082 704 celebratur.

163 721 252 749 XVII.
266 721 322 749 kal.
368 721 411 748 16.
464 721 675 748 Anniversarius
695 721 798 747 domini
817 721 943 747 Hainrici
962 721 995 747 de
1015 722 1166 748 Paulstorff
1182 722 1341 749 celebratur
1359 723 1386 749 in
1407 723 1632 758 Quadragesima,
1652 724 1697 751 hic
1716 725 1806 758 sepul<

511 765 564 796 tus,
585 773 656 790 anno
681 764 786 790 domini
807 764 932 797 1340.*²)
975 764 1025 792 Ob.
1051 773 1102 791 sor.
1127 765 1280 795 christina,
1306 767 1480 800 procuratrix
1507 768 1634 794 Fratrum
1660 768 1806 798 Minorum‚

513 807 558 833 hic
578 807 696 840 sepulta,
717 815 788 833 anno
810 807 883 834 1302.
921 807 970 833 Ob.
990 807 1099 834 Ulricus
1119 808 1296 839 Hofmaister,
1317 810 1519 837 anniversarius
1539 811 1702 837 celebratur.

179 851 253 878 XVI.
267 851 323 877 kal.
369 851 409 877 17.
463 850 573 884 [Nota³‚
605 849 679 882 quod
708 851 845 883 perpetua
869 850 1002 877 memoria
1033 853 1074 877 est
1103 851 1232 877 habenda.
1262 861 1456 885 generosorum
1481 853 1654 880 dominorum
1679 854 1805 885 Stauffer,

511 893 616 919 domini
642 892 774 919 Iohannis
796 893 829 919 de
855 893 979 920 Erenfels
1004 895 1032 920 et
1056 894 1213 928 Margarete
1238 895 1329 921 uxoris
1349 904 1409 927 sue,
1431 898 1499 922 nata,
1522 897 1577 929 (sic)
1597 896 1753 923 Schenckin
1773 897 1805 923 de

513 935 628 969 Geyren,
648 935 758 962 reli...
777 945 838 961 rum
857 936 1064 962 succedentium
1089 937 1116 962 in
1135 946 1356 971 recompensam.
1381 939 1447 971 quia
1471 940 1597 965 dominus
1621 940 1806 966 Bernardinus

512 987 575 1005 eum
598 979 683 1004 fratre
708 987 757 1004 suo
781 978 950 1012 Hieronymo
974 979 1093 1005 Stauffer
1117 982 1311 1007 concesserunt
1335 981 1456 1007 feodalia
1482 981 1561 1008 nobis
1585 991 1667 1016 snper
1685 983 1806 1016 quadam

512 1022 594 1048 vinea
613 1021 689 1047 dicta.
709 1021 819 1047 Liinsun
838 1021 867 1047 in
886 1022 1013 1056 Mating.]

179 1066 253 1092 XIII.
268 1065 324 1092 kal.
375 1065 415 1092 20.
470 1064 520 1091 Ob.
540 1064 665 1091 dominus
684 1064 826 1098 Seyfridus
844 1065 954 1096 Noczel,
974 1065 1020 1091 hic
1039 1066 1173 1100 sepultus,
1193 1067 1263 1092 civis
1282 1067 1501 1101 Ratssponensis,
1521 1077 1593 1094 anno
1607 1068 1711 1095 domini
1731 1069 1805 1100 1310,

515 1116 632 1142 magnus
650 1107 779 1134 amicus*

466 1151 556 1184 [Anno
575 1150 679 1176 domini
700 1151 766 1177 1475
785 1151 828 1177 ob.
842 1152 1006 1178 reverendus
1025 1151 1053 1177 in
1072 1152 1182 1178 Christo
1201 1154 1290 1186 pater.
1309 1153 1340 1179 fr.
1358 1153 1550 1188 Wolfgangus,
1571 1153 1615 1180 dei
1634 1154 1730 1188 gracia
1749 1163 1806 1188 eps.

516 1193 700 1227 Ypponensss.
720 1194 909 1227 suffraganeus
931 1195 1117 1225 pataviensis.
1138 1195 1210 1221 filius
1229 1196 1312 1222 huius
1339 1199 1502 1228 conventus,
1528 1197 1576 1230 qni
1601 1197 1679 1223 dedit
1698 1197 1727 1222 in
1746 1197 1806 1223 vita

512 1245 562 1262 sua
586 1237 702 1263 calicem
727 1237 829 1263 bonum
854 1239 1010 1270 ornatum⁴)
1035 1247 1095 1263 cum
1121 1238 1282 1265 attinenciis
1303 1238 1470 1272 preciosum,
1500 1248 1608 1266 crucem
1635 1242 1806 1274 argenteam,

512 1279 623 1306 missale
643 1281 671 1306 et
690 1279 718 1305 in
738 1279 838 1306 ultima.
858 1281 1002 1306 voluntate
1022 1281 1130 1314 legavit
1149 1290 1227 1307 suam
1247 1282 1363 1308 insolam
1389 1291 1444 1308 sew
1464 1283 1589 1308 mittram
1608 1283 1806 1315 pontificalem,

513 1322 592 1348 cuius
610 1323 744 1349 memoria
763 1323 799 1349 sit
819 1323 848 1348 in
866 1323 1081 1357 benediccione]

220 1366 253 1391 X.
267 1365 324 1392 kal.
369 1365 411 1392 23.
466 1364 516 1391 Ob.
535 1365 663 1391 dominus
683 1365 731 1391 Ch.
751 1366 932 1392 Paulstorffer
951 1367 985 1393 de
1005 1367 1186 1401 Temsperig,
1205 1367 1298 1399 miles,
1317 1368 1448 1394 fundator
1464 1368 1592 1402 cappelle
1616 1368 1807 1402 apostolorum

515 1408 592 1434 Petri
606 1411 634 1434 et
647 1409 729 1434 Pauli
748 1409 776 1434 in
789 1409 906 1442 ambitu,
920 1418 991 1436 anno
1005 1410 1108 1436 domini
1124 1411 1198 1441 1299,
1217 1410 1262 1436 hic
1276 1411 1456 1444 sepultusf*
1465 1413 1483 1443 5)
1512 1411 1640 1437 Officium
1653 1411 1806 1445 sollempne

513 1459 562 1485 pro
583 1451 721 1478 defunctis
740 1451 872 1478 fi·atribus
892 1454 920 1479 et
940 1453 1172 1479 benefactoribus.

204 1495 322 1522 1X.ka1.
371 1495 413 1521 24.
467 1494 517 1521 Ob.
536 1494 717 1520 Marchardus
745 1495 778 1521 de
797 1495 971 1527 Holczheim,
999 1495 1045 1522 1110
1073 1497 1211 1530 sepultus,
1239 1505 1311 1522 anno
1335 1496 1439 1522 domini
1468 1497 1559 1523 1299.*
1595 1497 1806 1524 Anniversarius

512 1537 621 1563 domine
641 1537 724 1563 Kath.
750 1537 783 1564 de
802 1538 964 1573 Ramsperg.
1001 1539 1212 1565 Anniversarius
1231 1548 1282 1565 sor.
1302 1539 1440 1566 Christine
1463 1539 1624 1566 Linthartin
1650 1540 1807 1567 celebratur

511 1581 561 1606 sub
582 1589 661 1614 pena.
698 1581 910 1607 Anniversarius
930 1582 1085 1608 Eberhardi
1104 1582 1218 1609 Paulser
1237 1582 1395 1608 celebratur
1414 1583 1458 1608 hic
1478 1583 1591 1616 sepulti.

178 1624 252 1650 VIII.
266 1623 322 1650 kal.
368 1624 409 1650 25.
463 1624 542 1649 Anno
556 1623 660 1649 domini
681 1624 746 1650 1322
765 1624 807 1650 01).
827 1624 968 1658 Seyfridus
988 1625 1089 1652 Noczel
1109 1625 1156 1651 hic
1175 1626 1309 1659 sepultus.

189 1667 250 1693 VII.
263 1667 319 1693 kal.
364 1667 406 1692 26.
460 1666 670 1692 Aimiversarius
689 1667 798 1693 Alberti
817 1676 870 1693 von
890 1668 1023 1701 Kupfmul
1043 1669 1087 1694 hic
1106 1668 1210 1702 sepulti
1231 1669 1396 1695 celebratur.

202 1710 248 1736 VI.
262 1710 318 1736 kal.
364 1710 405 1736 27.
462 1709 672 1735 Anniversarius
691 1710 795 1736 domini
814 1710 945 1737 Iohannis
964 1711 1152 1746 Sumpringer,
1172 1711 1270 1738 decani
1290 1711 1402 1738 maioris
1421 1712 1550 1741 ecclesie,
1577 1713 1734 1739 celebratur
1752 1713 1803 1739 sub

511 1761 591 1786 pena.

201 1796 249 1822 III.
263 1795 318 1822 kal.
364 1795 405 1822 30.
461 1795 510 1822 Ob.
530 1796 562 1822 fr.
582 1795 717 1822 Iohannes
737 1796 847 1827 NoczeL
867 1798 1004 1824 confessor
1023 1800 1051 1824 et
1071 1797 1237 1831 predicator,
1258 1806 1329 1824 anno
1350 1798 1424 1824 1426.

217 1839 251 1864 II.
265 1838 320 1864 kal.
365 1839 407 1864 31.
461 1838 510 1864 Ob.
531 1838 658 1864 dominus
677 1839 786 1865 Ulricus
805 1840 863 1865 Auf
878 1840 926 1866 der
945 1840 1028 1867 Alten
1047 1841 1144 1866 Muncz
1166 1842 1256 1867 law*

368 1151 401 1177 {3

203 1152 250 1178 XI.
263 1151 319 1178 kal.

881 1956 1087 1992 AUGUST.

203 2017 251 2043 111.
266 2025 328 2043 non.
382 2017 406 2044 3.
459 2018 549 2049 Nota,
573 2019 776 2046 anniversarius
796 2021 899 2047 domini
918 2021 1078 2055 Marquardi
1102 2021 1304 2048 Cirkendorffer
1330 2021 1486 2048 sacerdotis
1511 2022 1539 2047 et
1563 2021 1682 2047 Conradi
1704 2021 1798 2047 fratris

511 2061 553 2088 sui
574 2061 640 2088 laici
660 2063 817 2090 celebratur
835 2066 898 2090 octo
918 2064 976 2091 dies
995 2067 1060 2091 ante
1081 2065 1125 2091 vel
1144 2067 1207 2098 post
1226 2074 1246 2091 s,
1267 2064 1397 2091 oswaldi.

217 2103 251 2128 II.
264 2111 326 2130 non.
380 2103 404 2129 4.
459 2104 670 2131 Anniversarius
691 2106 794 2140 Rugeri
814 2107 985 2133 balneatoris
1004 2107 1032 2133 in
1051 2108 1099 2133 der
1112 2108 1307 2142 Spitalstuben
1326 2110 1354 2134 et
1374 2107 1464 2133 uxoris
1484 2107 1642 2133 celebratur
1659 2107 1710 2133 sub
1730 2115 1802 2140 pena

510 2149 539 2174 et
558 2147 718 2175 Perchtoldi
737 2149 868 2181 Mercker,
887 2150 969 2184 Eysel
988 2151 1080 2177 uxoris
1094 2151 1259 2177 celebratur.
1289 2150 1523 2184 (Anniversarius)
1545 2150 1632 2176 Uli-ici
1652 2150 1755 2176 Woller
1774 2151 1802 2176 et

507 2190 600 2216 uxoris
620 2191 784 2218 celebratur.

261 2239 324 2258 non.
382 2232 406 2257 5.
460 2232 538 2258 Anno
558 2233 662 2259 domini
683 2235 747 2261 1463
766 2235 809 2262 ob.
828 2236 923 2262 Hanns
942 2236 1155 2269 Synozenhoffer
1173 2236 1218 2262 hic
1238 2237 1364 2270 sepultus
1383 2246 1446 2262 cnm
1464 2236 1652 2270 parentibus*

204 2273 251 2300 Vl.
266 2273 302 2300 id.
383 2274 407 2300 8.
461 2275 550 2307 Nota,
577 2276 782 2304 anniversarius
808 2278 933 2305 Hainrici
953 2279 1182 2306 Wendelstorffer
1207 2280 1365 2306 celebratur
1389 2280 1439 2306 sub
1467 2289 1548 2313 pena.
1591 2279 1801 2306 Anniversarius

508 2318 679 2345 honorabilis
698 2321 752 2347 viri
765 2321 892 2348 Haimici
905 2322 1033 2353 Strasser,
1055 2323 1140 2357 marg.
1154 2322 1247 2349 uxoris
1261 2323 1418 2349 celebratur
1436 2325 1499 2349 octo
1519 2322 1577 2348 dies
1591 2324 1656 2348 ante
1676 2322 1719 2348 vel
1738 2324 1802 2355 post

508 2361 609 2387 festum
628 2363 718 2389 sancti
739 2364 885 2391 Lam-ennii
904 2366 955 2391 sub
974 2374 1054 2399 pena,
1075 2365 1152 2392 dedit
1171 2374 1291 2399 cappam
1312 2374 1360 2399 pro
1380 2366 1463 2392 choro
1481 2374 1531 2399 pro
1550 2366 1566 2391 5
1578 2367 1607 2392 (Π).

215 2401 248 2428 V.
262 2401 298 2428 id.
379 2403 403 2429 9.
457 2403 506 2430 Ob.
528 2404 640 2431 domina
659 2406 813 2439 Elyzabeth
833 2407 1012 2443 Notangstin,
1033 2409 1079 2434 hic
1099 2409 1223 2442 sepulta,
1244 2417 1316 2435 anno
1337 2408 1440 2434 domini
1461 2409 1551 2434 1354*
1588 2407 1800 2434 Anniversarius

508 2446 634 2474 Hainrici
655 2448 794 2476 Enenchel
814 2452 979 2478 celebratur.
1021 2451 1071 2477 Ob.
1091 2452 1203 2477 domina.
1227 2454 1318 2486 Agnes
1338 2451 1468 2482 Noczlin,
1495 2451 1539 2477 hic
1559 2450 1679 2484 sepulta.
1716 2451 1798 2476 Anni-

253 2601 272 2631 1>
292 2600 327 2625 In
345 2601 466 2635 margine
484 2610 560 2627 arma
578 2603 664 2636 gentis
678 2603 831 2637 Enyelmar,
852 2613 884 2630 ex
901 2614 955 2638 qua
973 2606 1034 2631 haec
1047 2606 1155 2631 (lomina
1175 2609 1233 2632 orffa
1247 2608 1289 2637 cst,
1309 2608 1331 2630 et
1347 2605 1436 2638 yentis
1450 2604 1684 2636 Primhoferianae
1696 2605 1797 2638 depicta

146 2644 216 2668 sunt.
341 2644 360 2676 ²)
381 2644 416 2669 In
441 2645 564 2678 mar-eine
590 2646 676 2679 rimayo
699 2647 815 2673 mulieris
842 2656 902 2673 cum
926 2648 1029 2674 duobus
1051 2650 1132 2674 armis
1157 2648 1364 2681 (Leuchtenbery
1389 2653 1413 2674 et
1436 2649 1595 2683 Paztlsdooef)
1622 2648 1726 2681 depicta
1752 2652 1796 2680 est,

145 2693 214 2718 quae
236 2685 370 2718 indicant,
396 2687 505 2713 eandem
529 2687 679 2714 Ecatricem
703 2697 813 2715 uxorem
835 2690 918 2716 Imaus
940 2691 1078 2722 Helm-ici,
1106 2695 1198 2717 natam
1223 2691 1409 2725 Ιαηᾶῃναυὶαηι
1432 2692 1463 2717 de
1486 2692 1689 2726 Levwhtenbery,
1708 2691 1796 2723 tuisse.

152 2727 215 2754 Vide
234 2731 272 2754 24.
287 2729 367 2761 April
384 2729 422 2762 (p.
439 2733 504 2759 252).
620 2732 640 2761 ³)
662 2732 757 2757 Huius
782 2736 863 2759 votae
877 2742 945 2766 pars
967 2735 1071 2760 abscisa
1095 2737 1138 2760 est.
1245 2735 1264 2766 ⁴)
1286 2734 1388 2759 Manus
1407 2735 1504 2760 saeculi
1524 2735 1606 2761 XVI.
1630 2735 1660 2760 in
1678 2735 1798 2767 maryme

145 2770 263 2797 addidit:
287 2771 390 2798 album.
498 2774 517 2805 ⁵)
543 2773 577 2798 In
600 2775 722 2807 Μαι-θίγω
745 2776 885 2809 imaginem
903 2777 988 2803 huius
1007 2778 1096 2803 militis
1119 2778 1201 2803 lorica
1220 2785 1304 2802 aurea
1322 2776 1414 2802 induti
1433 2785 1492 2803 cnm
1511 2779 1592 2804 armis
1611 2778 1796 2811 conspicimus.
