2085 2999
243 133 279 163 18

257 226 342 252 XVlI.
357 226 412 252 kal.
461 227 499 252 15.

269 269 340 295 XVI.
355 269 410 295 kal.
458 270 495 295 16.

282 396 340 422 XV.
354 396 409 422 kal.
459 397 498 423 17.

265 481 337 508 XIV.
352 482 406 508 kal.
455 483 493 509 18.

261 653 336 680 XIII.
350 654 405 681 kal.
453 655 491 681 19.

278 705 337 731 XII.
351 705 406 732 kal.
450 707 492 732 20.

288 749 333 774 XI.
348 749 402 774 kal.
447 750 487 775 21.

289 834 335 860 IV.
348 834 404 859 kal.
452 834 491 860 28.

289 921 336 947 III.
351 920 406 946 kal.
452 920 492 946 29.

355 1100 410 1126 kal.
475 1101 496 1126 1.

290 1143 336 1169 VI.
351 1152 414 1169 non.
468 1145 490 1170 2.

294 1187 340 1212 III.
354 1195 415 1212 non.
469 1188 484 1211 5

306 1229 339 1254 II.
353 1238 414 1255 non.
468 1231 491 1255 6.

295 1272 340 1297 IV.
355 1272 390 1298 id.
455 1273 493 1298 12.

294 1358 340 1384 III.
355 1357 390 1384 id.
456 1359 494 1384 13.

356 1484 392 1511 id.
457 1487 496 1513 15.

271 1743 341 1769 XVI.
355 1744 409 1769 kal.
456 1745 494 1770 17.

281 1872 340 1898 XV.
353 1873 408 1898 kal.
456 1874 493 1899 18.

266 1915 338 1940 XIII.
353 1916 407 1941 kal.
453 1917 494 1942 20.

292 1958 336 1983 XI.
351 1958 406 1984 kal.
451 1960 491 1985 22).

294 2001 339 2027 IX.
353 2001 408 2028 kal.
453 2003 493 2028 ⁵24.

282 2087 341 2112 VII.
355 2087 410 2113 kal.
454 2088 494 2113 26.

292 2130 338 2155 lv.
353 2130 408 2156 kal.
454 2131 495 2157 29.

308 2215 340 2240 ll.
355 2215 409 2241 kal.
454 2215 495 2242 31.

356 2438 411 2463 kal.
477 2439 497 2464 1.

294 2481 342 2507 III.
356 2489 417 2506 non.
474 2485 478 2489 “

308 2608 341 2634 II.
356 2616 419 2634 non.
474 2610 497 2635 4.

765 131 872 158 LIBER
891 131 1132 158 OBLATIONUM
1152 131 1363 158 INTICENSIS.

554 226 620 252 Otto
640 226 719 252 miles
738 226 789 257 ob.,
809 225 857 259 qui
876 226 953 251 dedit
973 225 1099 259 predium
1118 225 1146 251 in
1166 226 1256 252 Sexto.

551 268 722 295 (ἕω-1101111110
746 278 813 295 uxor
836 267 969 294 Friderici
997 268 1029 293 de
1054 268 1243 302 Tessenpereh
1268 268 1326 299 ob.,
1354 277 1406 302 que
1431 267 1539 302 legavit
1561 278 1581 294 s.
1605 268 1728 295 Candido
1752 269 1889 302 quendam

596 320 694 345 agrum
713 313 742 338 et
755 313 866 345 pratum
886 311 914 337 in
927 311 1117 345 Tesseuperch
1130 311 1215 338 situm
1234 311 1262 337 in
1273 311 1410 345 Gepreite,
1432 312 1464 338 de
1484 320 1537 344 quo
1555 311 1598 338 sui
1618 311 1732 338 heredes
1745 312 1889 339 annuatim

595 364 680 380 unum
699 354 778 380 schot
797 354 902 381 solvere
924 355 1054 381 tenentur
1073 354 1108 380 ad
1127 355 1220 388 fruges
1239 355 1321 381 beate
1340 354 1479 381 Kateriue.

553 397 772 431 [Anniversarius
801 396 904 423 domini
930 396 1075 423 Adalberti
1100 397 1321 424 Pentzendorffer
1344 397 1454 429 decani3
1477 396 1621 431 sepultura
1641 396 1669 422 in
1689 396 1797 431 capella
1816 397 1890 424 circa

600 441 709 473 portam
731 440 780 465 sub
799 440 907 474 gradu]

550 482 691 516 [Dominus
720 483 915 509 Bunekuntrns
943 491 1000 516 eps.
1020 482 1183 509 Veronensis
1213 483 1296 509 confr.
1324 493 1350 509 n.
1378 483 1435 513 ob.,
1465 482 1541 509 cuius
1569 482 1733 509 avunculus
1762 481 1889 508 dominus

595 526 785 557 Parmesanus,
804 525 912 560 legavit
930 525 995 552 huic
1015 525 1131 552 ecclesie
1154 534 1238 551 unam
1258 525 1367 552 vineam
1390 525 1417 552 in
1437 526 1568 552 Tridento
1594 534 1642 559 pro
1666 524 1776 552 domino
1799 525 1889 551 Bunu-

597 569 699 594 kuntro
718 570 747 594 et
766 576 793 594 se
812 568 880 602 ipso.
900 576 984 601 quam
997 567 1104 594 tenebit
1124 576 1172 602 pro
1198 569 1323 601 tempore
1341 567 1398 594 vite
1417 577 1464 595 sue
1483 570 1511 594 et
1524 569 1573 594 dat
1593 569 1646 594 lu.
1665 576 1725 594 cere
1744 576 1794 602 pro
1808 576 1889 594 censu

597 611 626 637 iu
646 611 753 637 Bozano
773 611 801 636 in
820 611 902 645 plebe
921 611 1096 642 Mic-nahelis,
1116 612 1179 644 post
1197 612 1313 637 mortem
1333 611 1413 637 cedet
1431 611 1518 638 libere
1537 610 1652 638 ecclesie
1671 609 1822 644 luticensi]

545 654 726 688 Marquardus
746 655 779 680 de
798 654 942 681 Kartitchs
961 654 1012 685 ob.,
1033 653 1081 687 qui
1100 653 1177 680 dedit
1197 655 1287 680 totum
1306 653 1432 688 predium
1450 663 1529 680 suum
1548 664 1568 679 s.
1588 653 1735 680 Candido&

546 705 687 740 [Dominus
712 696 833 732 ericus
852 705 926 739 pleb.
954 706 982 731 in
1002 705 1173 732 Niderndorf
1188 706 1216 731 et
1236 705 1318 731 confr.
1338 714 1363 731 n.
1383 705 1435 738 ob.]

542 748 624 782 Tylia
642 749 698 779 ob.,
722 758 775 782 que
799 748 875 775 dedit
895 750 1003 783 partem
1029 747 1118 782 predii
1143 747 1202 774 eius
1227 747 1255 773 in
1275 747 1424 783 Psirgetale
1446 758 1528 782 super
1552 747 1727 775 Chranzeleit
1741 768 1746 773 .
1761 769 1766 774 .
1781 768 1786 773 .
1806 756 1889 781 supra

600 800 682 818 vlam.

545 834 706 868 Eysenriter
729 834 783 865 ob.,
812 834 860 868 qui
885 833 1002 861 tradidit
1030 835 1113 861 beato
1138 834 1262 861 Candido
1293 834 1438 861 dimidium
1462 834 1652 861 molendinum
1674 834 1749 868 apud
1776 836 1889 868 pontem

600 877 749 904 scolarium
767 879 796 904 et
815 886 898 903 unam
918 886 1010 903 aream
1030 877 1109 903 iuxta
1127 877 1246 904 domum.

548 920 674 954 [Domina
694 920 798 947 Richza
816 929 885 947 uxor
904 920 1046 947 Perhtoldi
1067 919 1195 946 foshlini
1215 920 1269 955 ob.]

978 1035 1148 1071 IULIUS.

551 1100 645 1126 siboto
665 1100 739 1134 pleb.
759 1101 792 1127 de
811 1098 888 1127 Mflre
908 1101 960 1131 ob.,
980 1101 1027 1134 qui
1048 1101 1125 1128 dedit
1145 1101 1248 1127 curiam
1269 1101 1459 1135 Cukenpuhel.

546 1143 701 1170 Fridericus
720 1143 826 1169 occisus
845 1143 898 1175 ob.,
918 1144 966 1177 qui
986 1144 1063 1171 dedit
1081 1153 1179 1179 agrum
1198 1144 1278 1171 iuxta
1299 1146 1413 1178 pontem
1433 1143 1588 1170 scolarium.

548 1186 695 1221 Wilbirgis
714 1186 765 1217 ob.,
785 1196 837 1220 que
857 1186 934 1213 dedit
947 1188 1059 1221 pratum
1077 1188 1093 1213 4
1112 1196 1226 1221 operum
1244 1187 1271 1213 in
1291 1187 1564 1221 Engelmaresperge.

546 1229 642 1256 Siboto
663 1230 695 1255 de
715 1229 823 1255 Albinis
843 1229 894 1260 ob.,
914 1229 961 1263 qui
982 1229 1059 1256 dedit
1077 1239 1159 1263 agros
1178 1231 1245 1256 duos
1264 1230 1314 1256 sub
1334 1230 1484 1257 Dietnlaro.

547 1272 678 1299 Dominus
698 1270 860 1298 Chfinradus
880 1272 970 1299 dictus
984 1272 1119 1299 Gffldinus
1140 1273 1223 1299 confr.
1237 1283 1261 1299 n.
1276 1273 1327 1304 ob.,
1346 1273 1395 1306 qui
1410 1273 1486 1299 dedit
1499 1282 1518 1299 s.
1533 1271 1657 1299 Candido
1671 1271 1774 1298 curiam
1788 1271 1889 1297 ovilem

598 1316 626 1342 in
646 1316 798 1343 Geswente.

550 1358 692 1392 [Dominus
716 1358 856 1393 Duringus
884 1367 943 1384 ean.
966 1359 1048 1385 huius
1066 1359 1121 1385 loci
1141 1359 1196 1391 ob.,
1226 1359 1254 1385 in
1280 1359 1357 1386 cuius
1383 1358 1572 1386 anniversario
1591 1358 1718 1385 dominus
1745 1357 1888 1387 Nicolaus,

597 1410 683 1435 nepos
702 1410 773 1432 suus,
793 1401 870 1427 dedit
889 1401 1063 1429 oblacionem
1076 1404 1184 1429 tantum
1204 1403 1393 1430 sacerdotibus
1407 1402 1581 1436 presentibus
1593 1410 1675 1435 super
1694 1409 1778 1427 unum
1792 1409 1887 1434 agrum

597 1443 703 1470 dictum
722 1444 896 1478 Lerehagker
914 1444 994 1470 unius
1013 1445 1088 1479 zebe]

550 1486 765 1521 XVendelbui-gis
785 1487 861 1513 dicta
880 1485 992 1514 'rolmfit
1012 1488 1063 1518 ob.,
1093 1497 1146 1521 que
1166 1488 1244 1514 dedit
1263 1490 1373 1522 pratum
1393 1498 1412 1514 s.
1432 1488 1555 1515 Candido
1579 1487 1607 1514 111
1630 1488 1720 1513 Sexto.
1758 1485 1887 1521 [Domina

598 1529 747 1556 Gerdrudis
766 1538 832 1556 uxor
850 1529 974 1556 Heinrici
994 1531 1026 1557 de
1045 1531 1223 1558 Haberberch
1243 1531 1300 1561 ob.,
1329 1540 1381 1564 que
1408 1530 1516 1565 legavit
1539 1530 1654 1557 ecclesie
1673 1529 1750 1556 beati
1769 1528 1888 1555 Candidi

597 1572 702 1599 curiam
721 1572 825 1599 dictam
838 1573 914 1603 Rem,
936 1574 1008 1600 unde
1027 1573 1160 1600 fratribus
1174 1574 1349 1608 presentibus
1368 1574 1451 1600 datur
1463 1573 1580 1605 011111010,
1599 1573 1673 1600 sicut
1691 1573 1720 1598 in
1733 1571 1888 1607 privilegiis

598 1615 656 1641 eius
681 1615 850 1645 continetur.
880 1618 908 1643 et
931 1626 1014 1643 unam
1033 1617 1200 1643 schencham
1225 1617 1287 1651 oley
1316 1617 1459 1644 annuatim
1486 1617 1568 1643 beato
1597 1616 1731 1642 Mauricio
1760 1615 1793 1642 de
1821 1623 1888 1649 agro

599 1659 678 1684 iuxta
698 1659 879 1693 Pacligancln
907 1660 1051 1694 sepultura
1078 1660 1136 1687 eius
1158 1661 1208 1686 sub
1233 1660 1355 1694 capella,
1384 1661 1412 1686 et
1440 1659 1643 1686 anniversarius
1670 1658 1786 1692 singulis
1810 1657 1888 1684 annis

597 1704 675 1729 sexta
694 1702 762 1729 feria
781 1704 845 1736 post
864 1703 965 1729 festum
983 1702 1064 1729 beate
1085 1702 1240 1737 Margarete
1260 1703 1428 1737 peragetur]

549 1744 708 1771 Wolfradus
726 1745 799 1778 pleb.
814 1747 841 1771 et
855 1745 937 1771 confr.
951 1755 977 1771 n.
991 1746 1042 1778 ob.,
1062 1745 1110 1779 qui
1126 1745 1243 1772 tradidit
1256 1748 1347 1772 ortum
1365 1755 1384 1771 s.
1399 1745 1520 1772 Candido
1534 1754 1583 1779 pro
1597 1744 1708 1771 lumine.
1747 1743 1889 1777 [Dominus

598 1788 744 1814 Hainricus
763 1788 795 1814 de
814 1788 924 1814 ΒΘΖ-,1110
944 1790 1027 1815 confr.
1047 1799 1072 1815 n.
1093 1790 1149 1820 ob.,
1178 1789 1225 1823 qui
1253 1789 1330 1816 dedit
1357 1789 1482 1823 capitulo
1511 1798 1559 1822 pro
1583 1788 1703 1815 remedio
1726 1787 1817 1813 anime
1840 1795 1888 1812 sue

600 1831 648 1857 100
665 1832 690 1857 lb.
702 1831 800 1858 Veron.
820 1833 849 1858 et
868 1831 968 1857 librum
987 1832 1201 1866 matutinalem]

548 1874 730 1900 Mechthildis
749 1874 800 1905 ob.,
819 1884 871 1907 que
892 1875 1009 1901 tradidit
1028 1875 1111 1902 beato
1131 1875 1253 1901 Candido
1272 1884 1378 1909 agrum.

548 1917 691 1950 [Dominus
710 1917 808 1943 Petrus
827 1918 860 1944 de
881 1918 951 1944 Area
971 1927 1029 1944 can.
1050 1918 1131 1944 huius
1150 1918 1204 1944 loci
1224 1920 1252 1945 et
1271 1918 1344 1952 pleb.
1365 1918 1393 1944 in
1410 1917 1497 1944 Eznik
1516 1918 1571 1952 ob.]

547 1959 613 1986 Otto
633 1960 745 1986 Rubeus
764 1960 949 1987 Romanorum
963 1961 1114 1995 imperator
1127 1962 1177 1992 ob.,
1197 1961 1245 1995 qui
1264 1962 1317 1988 fuit
1331 1962 1462 1990 fundator
1480 1961 1561 1988 huius
1575 1959 1689 1987 ecclesie
1703 1969 1723 1986 s.
1737 1958 1887 1991 Candidi.¹)

548 2002 692 2036 [Dominus
720 2003 854 2030 Nicolaus
877 2003 955 2030 miles
979 2005 1012 2030 de
1032 2005 1104 2031 Urbe
1130 2014 1149 2031 s.
1170 2005 1336 2031 Michahelis
1360 2005 1417 2036 ob.,
1445 2004 1493 2038 qui
1522 2004 1629 2039 legavit
1654 2004 1736 2030 beato
1765 2001 1887 2028 Candido

601 2045 703 2071 curiam
723 2045 751 2071 in
771 2046 869 2072 Hellen
889 2056 971 2081 super
990 2047 1175 2082 Niderndorf.]

548 2088 729 2123 Hiltegundis
746 2089 829 2115 vidua
843 2090 947 2116 domini
961 2090 1073 2117 Geroldi
1093 2091 1125 2117 de
1140 2091 1215 2118 Celle
1228 2091 1279 2119 ob..
1299 2100 1351 2125 que
1371 2091 1479 2125 legavit
1493 2090 1574 2117 choro
1589 2089 1692 2116 curiam
1706 2088 1886 2115 Undervelde.

550 2131 687 2158 Dietricus
707 2132 791 2158 confr.
812 2141 837 2158 n.
857 2134 885 2158 et
904 2132 977 2166 pleb.
997 2133 1030 2159 de
1044 2133 1168 2159 Toblach
1189 2133 1241 2164 ob.,
1260 2133 1308 2167 qui
1327 2143 1347 2160 s.
1367 2133 1490 2160 Candido
1509 2132 1592 2159 solvit
1610 2140 1695 2158 unum
1713 2130 1840 2164 quartale
1859 2130 1887 2155 in

601 2175 703 2201 Puhele
723 2184 772 2208 pro
793 2176 870 2205 1011»,
890 2175 923 2202 (le
943 2185 996 2209 quo
1016 2176 1143 2210 da<n)tur
1162 2176 1190 2202 in
1211 2175 1397 2203 anniversario
1416 2184 1464 2201 suo
1484 2176 1538 2202 duo
1557 2183 1621 2201 oves
1640 2176 1668 2200 et
1686 2174 1740 2200 duo
1758 2173 1847 2200 schot.

550 2216 709 2250 Wolfpirch
728 2217 780 2248 ob.,
801 2226 854 2250 que
874 2217 951 2244 dedit
971 2226 1068 2252 agrum
1087 2218 1113 2244 in
1134 2218 1237 2252 Sylian.
1282 2219 1369 2252 [Anno
1394 2218 1497 2245 domini
1521 2218 1586 2244 1415
1606 2217 1731 2243 dominus
1750 2217 1885 2242 Iohannes

600 2259 748 2290 Placzoler,
763 2259 922 2286 bacalarius
936 2259 964 2285 in
978 2260 1093 2291 artibus,
1113 2269 1171 2286 can.
1187 2260 1303 2287 ecclesie
1316 2270 1335 2287 s.
1350 2260 1469 2287 Candidi
1482 2259 1636 2292 1utieensis,
1656 2259 1699 2286 ob.
1714 2258 1743 2285 in
1756 2257 1884 2292 Christe]

926 2375 1194 2412 AUGUSTUS.

552 2437 699 2471 [Rfidlibus
719 2442 799 2472 pater
819 2439 922 2465 domini
943 2440 1067 2474 Hugonis
1087 2440 1155 2467 dieti
1175 2441 1329 2476 Sneperger
1348 2442 1417 2468 cani.
1438 2441 1553 2468 ecclesie
1576 2440 1729 2474 lntycensis
1747 2440 1802 2473 ob.]

552 2481 693 2515 Gerbirgis
722 2482 773 2515 ob.,
803 2492 856 2516 que
883 2483 961 2508 dedit
980 2493 999 2509 s.
1020 2483 1143 2510 Candido
1171 2484 1238 2510 duos
1265 2493 1361 2518 agrOS,
1393 2493 1476 2510 unum
1506 2483 1635 2510 videlicet
1662 2482 1689 2508 in
1716 2483 1809 2509 Monte
1836 2482 1886 2508 sub

601 2525 741 2551 Cheisario
770 2527 797 2552 et
819 2526 905 2551 alium
933 2526 961 2551 in
981 2526 1074 2552 Monte
1099 2526 1178 2553 iuxta
1203 2525 1302 2554 Haben
1329 2528 1357 2553 et
1376 2528 1404 2553 lb.
1426 2527 1464 2559 14,
1488 2526 1589 2560 quibus
1616 2526 1669 2552 emi
1694 2525 1796 2552 tercius
1819 2534 1886 2559 ager

600 2567 690 2596 debet,
710 2568 781 2594 unde
801 2567 909 2594 obl-acio
928 2569 1060 2595 fratribus
1080 2570 1256 2603 presentibus
1275 2570 1440 2597 exsolvatur.

554 2609 697 2644 Rt‘idgerus
716 2619 784 2644 puer
802 2610 854 2644 ob.,
873 2611 921 2644 qui
942 2611 1018 2638 dedit
1037 2620 1134 2646 agrum
1153 2613 1181 2638 in
1200 2613 1302 2639 Monte.

348 2746 366 2778 ¹)
386 2745 610 2773 Annivm-sariunt
629 2747 685 2773 eius
703 2747 792 2774 adhuc
812 2749 912 2775 Inticac
931 2749 973 2775 die
992 2752 1030 2775 23.
1046 2751 1112 2777 Iulii
1126 2751 1280 2786 perayitur.
