2085 2999
197 274 285 301 XVII.
299 275 356 301 kal.

212 428 286 455 XVI.
300 428 355 455 kal.

225 574 283 602 XV.
299 575 355 602 kal.

212 720 287 747 XIV.
301 721 356 747 kal.

210 875 284 900 XIII.
298 875 354 901 kal.

223 1115 284 1142 XII.
298 1115 354 1142 kal.

238 1219 284 1245 XI.
298 1219 354 1245 kal.

258 1417 290 1443 X.
302 1417 358 1443 kal.

240 1760 284 1786 IX.
300 1760 355 1787 kal.

206 2010 280 2036 VIII.
294 2009 350 2036 kal.

219 2260 280 2286 VH.
295 2259 351 2285 kal.

235 2414 279 2440 VI.
294 2414 348 2440 kal.

455 171 720 199 NECROLOGIUM
739 172 965 199 MONASTERII
985 173 1010 199 S.
1029 172 1257 199 EMMERAMMI
1276 173 1572 201 RATISBONENSIS.
1779 176 1840 206 317

404 275 443 301 15,
489 266 687 297 Wolfheri
710 267 794 308 pbr.
820 270 860 298 et
882 278 923 298 m.
949 267 994 298 de
1011 267 1168 300 Altaha.
1203 268 1497 310 Meginwardus
1512 270 1532 300 l.
1568 269 1636 301 Pie
1654 270 1839 301 memorie

546 318 704 359 Poppo*
721 318 912 359 archiepS.
946 318 1195 350 Treverensis
1212 320 1267 351 ob.
1308 319 1509 362 [Albricus
1533 331 1626 362 puer
1643 321 1687 352 de
1704 321 1838 352 Prbla.

547 369 729 410 sigboto,
754 369 914 400 Mahtilt
937 381 966 401 n.
991 381 1045 411 cg.
1071 370 1150 412 cvi.]
1196 379 1260 405 Uto
1279 388 1313 405 m.
1334 389 1359 405 n.
1379 389 1426 414 cg.

402 428 442 454 16,
487 420 739 451 Adalhardus
757 431 802 451 ex
818 422 921 452 laico
939 432 992 452 cv.
1010 433 1038 452 n.
1072 422 1227 453 Altman
1244 423 1325 454 abb.
1345 423 1390 454 de
1408 423 1682 466 Eberispereh.
1718 424 1839 467 [Sige-

547 472 693 503 boldus
724 471 819 514 pbr]
868 472 1076 504 Eberhardus
1110 473 1180 514 pbr.
1215 477 1248 504 et
1281 485 1321 506 m.
1358 475 1523 516 Tegrinse.
1580 476 1741 507 Ekkolfus
1768 477 1837 518 pbr.

549 523 732 549 Ludwicus
761 532 858 556 puer.

402 575 441 601 17,
489 565 655 597 Sanetus
679 566 925 597 Ramvoldus
958 567 1043 598 abb.
1068 567 1183 598 huius
1215 568 1334 608 loei.¹)
1381 568 1503 611 [Azila
1526 581 1568 602 m.
1617 570 1763 602 Ratker
1787 582 1838 602 ev.

545 617 792 659 sigehardus
808 617 842 660 l.]
881 617 1027 659 Sigiboto
1038 619 1064 659 ἃ)
1082 619 1152 660 pbr.
1176 623 1208 650 et
1223 631 1264 650 m.
1283 620 1333 651 ob.
1352 620 1393 652 de
1411 621 1575 662 Tegrinse.
1613 621 1801 654 Chunradus
1818 623 1837 653 l.

547 669 642 695 Petrus
660 669 679 694 I.
699 668 790 694 dietus
810 668 934 695 Sternaw
948 688 954 696 .
968 689 974 696 .
990 691 995 696 .

405 720 444 747 18.
489 712 726 751 Rihherusb)
759 712 839 753 pbr.
864 716 901 743 et
923 723 964 743 m.
988 724 1018 744 n.
1066 713 1254 755 [Chuniza
1286 725 1355 746 ma.
1403 715 1606 746 Arnoldus
1636 727 1707 747 sae.
1732 720 1772 748 et
1796 728 1838 748 m.

545 764 587 794 fr.
611 775 641 794 n.
680 763 913 794 Friderieus
937 764 1111 795 subdiac.
1137 769 1174 796 et
1196 764 1248 808 m.]
1286 766 1494 797 Pernhardus
1517 767 1587 808 pbr.
1613 770 1645 798 et
1667 778 1709 798 m.
1733 779 1762 798 n.
1788 779 1837 810 eg.

547 814 702 855 Sigeboto
728 815 799 855 pbr.
824 818 855 846 et
878 826 919 846 m.
944 827 973 847 n.
999 827 1046 857 cg.

402 875 440 901 19,
487 867 695 907 Megilon0)
720 867 801 898 abb.
829 867 875 898 de
901 867 930 898 S.
950 867 1124 903 Quirino.
1171 868 1386 910 [Mauritius
1415 870 1494 910 pbr.
1522 873 1558 901 et
1580 881 1620 901 m.
1668 871 1839 901 Liutwin

545 918 603 949 ob.
628 929 668 949 m.
695 918 736 949 fr.
758 929 786 948 11.
823 918 1027 950 Adalbero
1052 919 1132 960 pbr.
1158 923 1194 950 et
1217 919 1269 962 m.]
1305 920 1518 952 Haitvolchus
1535 932 1581 953 cv.
1598 933 1628 953 11.
1646 933 1694 963 og.
1725 922 1837 953 Siboto

547 980 614 1001 can.
639 969 669 1001 S.
695 970 825 1010 Petri-2)
872 978 1018 1004 Hainricus
1043 979 1098 1004 dux
1127 979 1264 1012 Bawarie,
1294 980 1367 1005 filius
1395 980 1506 1006 Othonis
1529 981 1610 1015 regis.
1648 982 1729 1015 [Item
1758 982 1835 1008 anni-

546 1021 681 1047 versarius
695 1021 798 1047 domini
814 1021 931 1052 Aiberti,
945 1022 1044 1047 summi
1064 1022 1182 1048 missarii
1202 1023 1343 1049 Inferioris
1357 1023 1528 1055 Monasterii,
1548 1026 1576 1050 et
1595 1024 1684 1051 amice
1698 1033 1745 1051 sue
1760 1026 1837 1051 Anne

544 1066 694 1098 peragetur
712 1064 740 1089 in
761 1064 804 1090 die
825 1066 983 1090 sanctorum
1002 1065 1126 1091 Gervasii
1149 1067 1177 1092 et
1196 1065 1336 1092 Prothasii
1355 1066 1518 1100 martirum]

399 1116 440 1142 20,
485 1107 719 1138 Ludowieus
736 1109 962 1149 imperator,
987 1108 1099 1139 filius
1116 1109 1257 1140 Karoli
1274 1111 1412 1151 magni.
1441 1110 1688 1152 Adalpertus
1712 1112 1837 1142 arehi-

547 1160 655 1200 eps.³)
692 1159 879 1201 [Rotdrut
902 1171 1026 1191 nonna
1051 1161 1104 1191 ob.
1142 1161 1418 1192 WVolframmus
1442 1162 1540 1204 abb]
1575 1153 1744 1194 Odalrieus
1768 1174 1836 1194 ean.

399 1219 439 1244 21.
485 1211 746 1250 Ruotkerusd)
778 1211 855 1252 pbr.
887 1215 924 1242 et
953 1222 995 1242 m.
1020 1223 1049 1242 n.
1096 1211 1317 1255 [Willibirg
1340 1224 1381 1244 m.
1407 1214 1462 1244 ob.
1509 1214 1729 1245 Wicelinus
1752 1227 1775 1245 s.
1801 1218 1838 1246 et

543 1274 584 1294 m.
603 1263 643 1294 fr.
661 1274 690 1294 n.
726 1263 931 1294 Adelbero
955 1274 985 1294 n.
1012 1274 1064 1305 cg.
1089 1275 1129 1294 m.
1166 1264 1404 1306 Wasgrimus
1429 1276 1478 1296 ev.
1503 1277 1531 1297 11.
1558 1265 1653 1307 og.‘³)]
1689 1267 1837 1298 Alhaidis

545 1339 575 1345 ..
597 1340 602 1345 .
627 1314 788 1345 Iohannes
813 1315 882 1355 pbr.
908 1315 948 1345 de
972 1315 1172 1356 Eilfprunne.
1215 1316 1386 1347 Hainricus
1410 1317 1688 1359 Tunehe11polti.4)
1728 1318 1837 1353 Ulriefi}

545 1365 707 1391 Maendorfer
726 1366 785 1399 pbr.
805 1368 833 1392 et¹
853 1376 888 1393 111.
925 1366 1024 1392 Hailca
1044 1367 1258 1400 Deehpeterinn.
1278 1368 1428 1394 obellarius
1448 1369 1541 1394 servit.

403 1417 445 1444 22,
491 1408 695 1450 Engilwan
720 1410 897 1441 subdiac.
926 1413 965 1440 et
988 1421 1029 1441 m.
1055 1410 1099 1441 de
1124 1410 1284 1441 Altaha.
1336 1410 1524 1453 [Anthugi
1553 1412 1632 1453 pbr.
1665 1416 1701 1443 et
1723 1424 1764 1444 m.
1791 1413 1836 1444 de

544 1461 672 1492 Burin.
713 1461 941 1500 G01·l10hf)l.
967 1461 1024 1492 ob.
1050 1473 1100 1493 nr.
1135 1462 1343 1493 Walraban
1368 1463 1483 1503 pbr.⁵)
1518 1463 1758 1504 Liutpertus
1782 1464 1836 1507 m.]

544 1512 752 1543 Eberhardus
776 1512 1018 1554 Salzburgensis
1042 1513 1199 1554 arehiepS.
1235 1513 1435 1545 wernherus
1459 1514 1527 1555 pbr.
1555 1518 1587 1545 et
1610 1526 1650 1546 m.
1669 1515 1835 1557 Tegrinse.

542 1564 697 1595 Albertus
727 1564 806 1595 diae.
837 1568 869 1595 et
897 1575 937 1596 m.
968 1564 1133 1605 Tegrinse.
1180 1565 1350 1606 Philippus
1374 1576 1446 1605 rex,
1479 1566 1561 1597 filius
1592 1567 1748 1599 Frideriei
1775 1569 1835 1599 im-

542 1616 709 1656 peratoris.
756 1616 864 1646 Iudita
888 1627 935 1647 cv.
981 1616 1132 1647 Mehthilt
1156 1617 1174 1648 1.
1224 1616 1396 1648 Heinrious
1420 1618 1489 1658 pbr.
1516 1618 1555 1649 de
1580 1618 1645 1649 Rot
1668 1630 1708 1650 m.
1732 1631 1762 1651 n.
1787 1631 1835 1662 cg.

543 1667 622 1692 Anna
650 1675 718 1692 uxor
736 1667 896 1693 Werntonis
923 1668 955 1693 (16
979 1668 1040 1697 Aw,
1070 1667 1220 1693 obellarius
1247 1668 1341 1694 servit.
1388 1668 1477 1701 [Anno
1506 1669 1610 1695 domini
1642 1671 1708 1696 1466
1733 1670 1775 1697 ob.
1805 1672 1835 1697 fr.

544 1709 678 1735 Iohannes
693 1709 819 1736 Hausner
838 1711 898 1744 pbr.
913 1712 940 1736 et
954 1720 989 1736 m.
1004 1720 1028 1736 n.
1044 1720 1085 1745 eg.
1106 1711 1131 1737 S.
1145 1711 1339 1737 Emmerammi
1359 1720 1465 1738 necnon
1480 1721 1558 1745 ppOS.
1578 1712 1606 1737 in
1621 1712 1835 1747 Lautterwach]

400 1761 441 1787 23.
487 1752 629 1783 Ernest
653 1753 748 1785 diac.
775 1757 813 1784 et
836 1764 875 1784 m.
901 1754 956 1784 ob.
992 1754 1217 1785 Eberswint
1239 1755 1321 1785 abb.
1346 1755 1582 1787 Altahensis.
1617 1756 1836 1797 Eborhohss)

543 1804 622 1845 pbr.
649 1807 685 1835 et
708 1815 749 1836 m.
774 1816 803 1835 11.
851 1804 1109 1846 [Diethalmus
1133 1817 1231 1847 puer
1255 1806 1300 1837 de
1326 1806 1356 1837 S.
1383 1806 1586 1847 Quirino.⁶)
1629 1808 1757 1840 Iudita
1780 1808 1835 1851 m.]

543 1856 745 1894 Albwinush)
777 1856 850 1887 abb.
884 1856 1050 1898 Tegrinse.
1098 1857 1288 1888 Chunradus
1319 1869 1364 1889 ev.
1395 1869 1423 1889 n.
1449 1869 1496 1899 cg.
1532 1858 1639 1900 Wago
1665 1870 1711 1891 ev.
1737 1864 1770 1891 et
1793 1872 1834 1892 m.

547 1907 659 1948 Tagno
683 1907 714 1947 ].‚
740 1908 887 1948 predium
912 1908 1010 1939 dedst.
1059 1917 1203 1943 Heinrieus
1223 1917 1385 1951 Freiberger
1404 1918 1444 1949 l.⁷)
1482 1918 1573 1945 Geisel
1594 1919 1672 1945 Risin
1692 1920 1734 1952 l.⁷)
1765 1920 1834 1947 Mer-

541 1958 636 1991 gardis
655 1958 689 1984 la.

396 2009 436 2035 24,
482 2001 691 2032 Heilrieus
714 2002 795 2042 pbr.
820 2006 857 2033 et
880 2013 921 2033 m.
960 2002 1108 2034 Ernust
1133 2014 1181 2033 ex
1204 2003 1304 2034 laico
1330 2014 1380 2034 ev.
1419 2004 1514 2035 Atto
1539 2016 1579 2036 m.
1606 2005 1652 2036 de
1677 2006 1834 2038 Altaha.

543 2052 690 2095 [Phano
715 2054 793 2094 pbr.
821 2057 860 2084 et
883 2065 924 2085 m.
951 2054 1005 2086 ob.
1032 2055 1074 2085 de
1099 2054 1248 2085 Sancto
1274 2055 1450 2090 Quirino.
1486 2056 1653 2087 R'otheri
1678 2057 1772 2088 diae.
1799 2062 1836 2089 et

542 2115 583 2136 m.
609 2105 652 2136 de
676 2105 814 2136 Frisin.
850 2105 1139 2146 Werinherusi)
1164 2106 1250 2137 abb.
1277 2107 1333 2138 ob.
1373 2107 1603 2148 Engilsealh
1628 2109 1704 2149 pbr.
1731 2112 1769 2140 et
1792 2120 1833 2141 m.

541 2155 789 2187 PerhtOldUS
813 2168 854 2188 m.
878 2168 908 2188 11-
935 2157 1001 2199 (lg-i
1042 2165 1188 2192 Heinrieus
1216 2166 1292 2192 Stolz
1320 2167 1379 2200 pbr.
1429 2167 1478 2193 Ob.
1506 2167 1537 2193 fr.
1563 2168 1718 2194 Fridericus
1743 2169 1834 2196 dictus

542 2207 692 2233 VVinezraer
716 2208 775 2241 pbr.
803 2210 831 2234 et
850 2217 884 2233 m.
904 2217 930 2233 n.
950 2217 991 2242 cg.
1012 2217 1083 2234 anno
1103 2208 1207 2234 domini
1228 2209 1293 2234 1369
1314 2209 1341 2234 in
1361 2209 1405 2235 die
1425 2220 1444 2235 s.
1465 2210 1595 2236 Iohannis
1614 2211 1752 2245 Baptisre.

397 2259 437 2285 25,
483 2249 712 2281 Rihhardus
748 2251 826 2291 pbr.
863 2254 902 2282 et
930 2262 971 2282 m.
1005 2251 1051 2282 de
1082 2252 1246 2284 Altaha.
1295 2251 1487 2294 [Truonth
1517 2264 1558 2284 m.
1590 2258 1629 2285 et
1653 2256 1835 2296 acolytus

541 2301 585 2332 de
617 2301 760 2334 Frisin.
806 2302 950 2333 Mathil
982 2314 1023 2334 m.
1057 2303 1126 2345 ob.]
1171 2304 1339 2335 Folmarus
1371 2315 1411 2335 ex
1439 2306 1556 2336 comite
1580 2316 1620 2336 m.
1668 2305 1834 2338 Goth-idus

541 2354 593 2394 pie
617 2355 772 2385 memorie
796 2354 1026 2386 Admuntensis
1050 2355 1123 2386 abb.
1159 2355 1352 2397 Rudegerus
1368 2356 1387 2387 1.
1419 2356 1616 2388 Haertliebus
1633 2383 1639 2388 .
1656 2383 1680 2388 ..
1699 2369 1766 2390 can.
1783 2384 1788 2390 .
1804 2383 1810 2390 .
1827 2385 1832 2390 .

394 2413 435 2440 26,
480 2405 724 2436 Marwardus
749 2406 845 2436 diae.
871 2409 908 2436 et
930 2417 971 2438 m.
997 2418 1026 2438 n.
1063 2407 1293 2448 Sigiboldus
1317 2408 1394 2449 pbr.
1421 2412 1459 2439 et
1482 2419 1522 2439 m.
1548 2420 1576 2439 n.
1611 2409 1834 2442 Hartwicus

543 2456 639 2487 diae.
665 2460 703 2488 et
724 2468 766 2488 m.
790 2468 819 2488 n.
868 2458 1082 2489 Diomarus
1105 2459 1186 2500 pbr.
1212 2462 1248 2490 et
1271 2470 1312 2490 m.
1337 2470 1366 2492 n.
1413 2459 1590 2501 sigifrid,
1623 2460 1833 2503 Remigius

542 2508 599 2538 mi.
630 2508 674 2538 de
698 2508 850 2540 Altaha.
902 2508 1077 2552 [Hagano
1104 2510 1123 2541 l.
1150 2511 1206 2541 ob.
1256 2511 1484 2542 Pernozdus
1508 2512 1586 2553 pbr.
1612 2513 1666 2543 ob.
1718 2512 1832 2544 Suid-

283 2621 306 2651 ¹²)
328 2621 360 2646 0:
379 2621 475 2645 Siboto.
572 2619 595 2652 b)
616 2621 655 2645 B.-
672 2621 805 2646 Richerus.
903 2622 926 2652 ⁰)
944 2623 982 2647 B:
1001 2624 1104 2655 Megilo.
1202 2622 1227 2655 d)
1245 2624 1285 2648 B:
1303 2625 1447 2656 Ruggerus.
1535 2626 1557 2654 e)
1576 2625 1614 2649 B:
1635 2626 1778 2658 Wesegrim
1797 2635 1830 2651 m.

177 2663 197 2696 s)
218 2663 254 2687 B:
275 2664 400 2688 Gerhohe.
506 2662 530 2695 g)
551 2663 588 2687 B:
606 2664 748 2688 Eberhoeh.
854 2663 879 2697 h)
900 2665 931 2689 0:
950 2666 1108 2691 Adalwiuus.
1215 2666 1233 2698 i)
1253 2666 1292 2690 B:
1312 2668 1460 2692 Werherus.

286 2714 305 2744 ¹)
324 2714 369 2739 D:
389 2713 548 2740 cellerarius
566 2715 661 2742 servit.
768 2717 787 2749 ²)
807 2715 848 2741 D:
869 2725 928 2742 ean.
946 2717 1059 2743 maioris
1078 2717 1202 2744 ecclesie.
1242 2717 1265 2743 C
1279 2720 1303 2743 et
1324 2718 1362 2742 D:
1381 2717 1532 2744 obellarius
1551 2718 1644 2745 servit.
1752 2720 1771 2752 ³)
1792 2719 1831 2745 B:

178 2756 303 2790 Magent.
409 2758 429 2790 ⁴)
450 2757 493 2782 D:
513 2757 662 2783 obellarius
682 2758 774 2784 servib.
879 2762 898 2791 5)
920 2760 960 2785 B.-
977 2760 1092 2786 Walrab
1113 2760 1184 2786 abb..
1204 2761 1271 2792 (sine
1290 2760 1370 2785 dubio
1389 2761 1502 2788 errans).
1607 2762 1626 2793 ⁶)
1646 2762 1684 2787 B:
1705 2761 1830 2788 subdiac.

177 2808 212 2825 m.
237 2799 377 2832 Tegrinse.

484 2801 504 2833 ⁷)
525 2801 565 2826 D:
585 2800 750 2827 infirmarius
770 2802 856 2829 dedit.
