2085 2999
219 124 285 154 ι266

248 216 320 242 XVI.
335 215 391 241 kal.

261 259 319 285 XV.
333 258 389 284 kal.

248 302 319 328 XIV.
334 301 389 327 kal.

245 344 321 370 XIII.
335 344 390 370 kal.

260 387 322 413 XII.
335 386 391 412 kal.

273 430 320 456 XI.
333 430 389 455 kal.

287 473 320 498 X.
334 472 390 498 kal.

272 516 319 541 IX.
332 515 388 541 kal.

245 559 320 585 VIII.
334 558 390 585 kal.

260 602 320 628 VII.
334 601 391 628 kal.

273 687 321 713 VI.
333 687 390 713 kal.

273 730 321 756 IV.
334 731 390 756 kal.

273 774 321 800 III.
334 773 390 800 kal.

336 944 392 971 kal.

278 988 324 1014 VI.
338 997 401 1014 non.

291 1031 325 1057 V.
338 1039 400 1057 non.

280 1073 327 1100 1V.
341 1082 403 1100 uon.

276 1117 324 1143 III.
338 1125 401 1143 non.

291 1160 325 1186 II.
339 1168 401 1186 non.

339 1211 401 1229 non.

280 1245 326 1272 VI.
341 1245 378 1271 id.

291 1289 324 1315 V.
339 1289 374 1315 id.

278 1332 325 1359 IV.
339 1332 376 1358 id.

275 1375 323 1401 III.
337 1374 374 1401 id.

292 1418 326 1444 II.
340 1417 376 1444 id.

339 1460 376 1486 id.

234 1504 322 1530 XVII.
336 1504 393 1530 kal.

250 1547 323 1573 XVI.
338 1547 394 1573 kal.

268 1590 326 1616 XV.
341 1590 397 1616 kal.

248 1633 321 1660 XIV.
335 1634 391 1659 kal.

276 1677 322 1702 XI.
336 1676 392 1702 kal.

290 1719 322 1745 X.
337 1719 393 1745 kal.

274 1762 320 1788 IX.
335 1762 390 1788 kal.

251 1805 326 1831 VIII.
338 1805 394 1831 kal.

261 1891 320 1916 VII.
335 1891 390 1917 kal.

287 1933 318 1959 V.
334 1933 390 1959 kal.

275 1976 321 2002 IV.
336 1976 391 2002 kal.

275 2019 324 2045 III.
338 2019 394 2045 kal.

286 2063 319 2088 ΙΙ.
338 2063 393 2088 kal.

338 2234 394 2260 kal.

278 2277 323 2302 IV.
338 2285 400 2303 non.

277 2362 324 2388 III.
338 2371 401 2388 non.

292 2405 326 2430 II.
341 2414 403 2432 non.

339 2457 401 2474 non.

250 2491 325 2517 VIII.
341 2491 378 2517 id.

267 2534 326 2560 VH.
341 2534 376 2560 id.

278 2577 323 2602 VI.
340 2577 376 2603 id.

294 2620 324 2646 V.
340 2620 376 2646 id.

283 2663 329 2689 IV.
342 2663 378 2688 id.

282 2705 329 2730 III.
344 2705 379 2730 id.

295 2748 328 2773 II.
343 2748 378 2773 id.

438 214 477 240 16.

437 259 476 284 17.

437 300 476 326 18.

439 344 477 370 19.

437 386 477 413 20.

435 429 476 455 21.

434 472 476 498 22.

434 515 475 541 23.

435 558 476 584 24.

436 601 477 627 25.

435 687 476 713 26.

436 730 478 756 28.

435 773 476 799 29.

441 945 480 1273 Ξμφνψψψῌ

440 1289 479 1314 11.

439 1333 480 1358 12.

439 1374 478 1401 13.

440 1418 480 1443 14.

441 1461 481 1487 15.

441 1504 480 1530 16.

442 1547 482 1573 17.

444 1590 484 1615 18.

439 1633 479 1660 19.

437 1676 479 1702 22.

438 1719 478 1745 ⁴23.

436 1762 477 1788 24.

438 1805 478 1831 25.

437 1890 478 1917 26.

436 1934 478 1960 28.

438 1977 479 2003 29.

440 2020 481 2047 30.

439 2063 480 2089 31.

454 2277 478 2302 50
458 2235 480 2260 ,Η

455 2362 481 2604 sarnay-5292

456 2621 480 2646 50

443 2706 482 2732 11.

444 2749 483 2774 1‘2.

724 117 987 144 NECROLOGIUM
1009 117 1372 144 MALLERSDORFENSE.

532 213 679 240 Ludwieus
698 213 762 239 duX.
792 213 931 243 Albertus,
951 212 1078 247 Meingoz
1097 214 1125 238 et
1144 212 1306 239 Meehtildis
1324 212 1353 238 li.
1372 213 1416 239 ob.

531 257 672 283 Conradus
691 256 708 282 l.
727 256 770 282 ob.

531 299 688 326 Frideric-us
707 299 768 332 pbr.
787 300 815 325 et
834 307 868 324 m.
900 297 1010 324 Ulricus
1030 298 1047 323 l.

532 342 678 369 Hainrieus
698 350 739 370 cv.
768 341 909 368 Conradus
928 343 957 368 et
976 349 1046 367 uxor
1064 340 1123 367 eius
1142 341 1223 367 Anna
1241 340 1270 366 li.

532 385 678 412 Gozwinus
697 393 738 411 CV.
768 384 942 411 Hermannus
961 383 1036 418 pleb.
1069 383 1210 410 Conradus
1229 385 1258 410 et
1276 382 1403 409 Alheidis
1419 382 1447 408 li.

531 429 642 462 Rapoto
661 427 687 460 1.,
706 427 754 460 qui
774 427 918 461 praedium
939 426 1025 453 dedit..
1062 426 1203 453 Conradus
1222 426 1283 461 pbr.
1302 428 1330 453 et
1348 435 1383 452 m.
1404 435 1437 453 ex
1455 425 1563 453 nostris.

530 470 685 497 Fridericus
705 470 768 496 abb.
799 469 967 496 Liukhardis
987 470 1022 496 la..

530 514 684 540 Hawardus
703 514 732 540 et
751 512 892 539 Conradus
910 512 939 538 Ii.

530 557 676 591 Rudgerus
694 565 720 582 n.
740 565 781 590 cg.
811 555 976 589 Rudolphus
995 557 1024 582 et
1037 554 1196 581 Wolfardus
1214 555 1243 581 Ii.
1272 555 1436 589 Rudolphus
1455 555 1514 589 pbr.
1534 557 1562 581 et
1581 565 1616 582 m.
1635 564 1669 582 ex
1687 555 1788 582 nostris
1807 555 1850 582 ob.

531 599 691 627 IVoIfardus
710 599 728 625 1.
747 599 790 626 ob.
822 598 991 625 Liukhardis
1021 607 1107 624 coma.
1139 597 1292 632 Liupoldus
1315 600 1343 624 et
1362 598 1493 625 Albertus
1512 598 1569 632 phi.
1593 600 1621 625 et
1645 598 1691 625 mi.
1710 607 1743 626 ex
1761 598 1872 625 nostris.

582 642 751 676 Gottpoldus
769 642 830 676 pbr.
849 643 877 668 et
897 651 932 668 m.
951 641 995 668 ob.

532 685 667 712 Henricus
686 695 721 711 m.
741 687 769 712 et
788 683 911 711 subdiac.
931 692 963 710 ex
982 684 1092 710 nostris.
1128 683 1294 711 Elisabetha
1314 684 1351 710 la.
1371 685 1404 710 de
1423 684 1637 719 Hangoltspaeh
1657 685 1700 711 ob.

532 729 667 755 Henricus
685 728 746 762 pbr.
766 729 794 754 et
812 736 848 753 111.
867 735 899 752 ex
918 726 1027 753 nostris.
1064 727 1224 754 Herhardus
1242 729 1271 754 et
1290 727 1417 754 Alheidis
1435 727 1464 754 li.
1483 728 1526 754 ob.

530 772 717 806 Wolfgangus
736 771 799 797 abb.
819 770 848 795 in
869 769 1062 804 Weltenhurg.

928 875 1179 911 OCTOBRIS.

532 943 699 973 Wolfardus.
720 942 869 973 Com-aelus,
891 942 1077 969 Werenherus
1096 943 1125 968 et
1143 940 1307 967 Elisabetha
1326 940 1355 967 li.

534 986 685 1021 Engilpero
704 995 739 1012 m.
758 995 784 1013 n.
805 994 846 1020 cg.

534 1029 710 1056 Eberhardus
729 1028 789 1062 pbr.
810 1031 838 1054 et
854 1037 889 1054 m.
909 1036 941 1054 ex
961 1027 1070 1053 nostris.
1106 1026 1222 1052 Emioho
1241 1026 1304 1052 abb.
1325 1026 1406 1052 huius
1425 1026 1488 1053 loci.

535 1072 675 1098 Rubertus
696 1071 755 1105 pbr.
786 1071 956 1096 Wolframus
975 1071 1004 1095 et
1023 1068 1149 1095 Alheidis
1168 1068 1197 1094 li.

532 1115 674 1142 Diemudis
693 1114 730 1140 la.
750 1114 792 1140 ob.
823 1113 958 1140 Henricus
976 1112 1038 1147 pbr.
1056 1114 1085 1138 et
1103 1121 1139 1139 m.
1171 1112 1311 1139 Conradus
1331 1111 1405 1146 prior
1424 1121 1457 1139 ex
1479 1112 1588 1139 nostris.

534 1158 706 1192 Meingottus
725 1167 760 1183 m.
779 1166 812 1184 ex
829 1156 939 1183 nostris.

532 1201 694 1228 Mechtildis
713 1199 844 1227 monialis
863 1202 892 1227 eh
910 1199 1052 1233 Heilwipp
1073 1207 1133 1225 cva.
1151 1209 1177 1226 n.
1197 1208 1238 1234 cg.

536 1244 670 1270 Nicolaus
689 1252 746 1278 eps.
768 1242 987 1269 Ratisbonensis.
1025 1241 1167 1268 Conradus
1186 1242 1203 1268 l.
1234 1241 1378 1268 Gertrudis
1397 1242 1433 1269 Ia.

533 1288 665 1314 Albertus
684 1296 726 1314 ev,
745 1296 777 1313 ex
796 1286 904 1313 nostris.
934 1285 1049 1312 Sarhelo
1069 1286 1085 1311 l.

534 1329 676 1357 Diemfidis
696 1331 731 1357 Ia.
751 1331 794 1357 ob.
824 1329 994 1357 Ber-tholdus
1013 1331 1042 1356 et
1060 1329 1215 1356 Bernardus
1234 1329 1291 1363 pbi.
1312 1330 1340 1355 et
1359 1329 1404 1355 mi.
1425 1338 1458 1356 ex
1480 1328 1589 1356 nostris.

533 1374 701 1400 Bertholdus
720 1374 738 1399 l.
770 1372 913 1407 Gerbirgis
932 1371 1061 1399 monialis
1080 1381 1105 1398 n.
1125 1381 1167 1406 cg.

535 1417 648 1443 Iuditha
667 1416 797 1443 monialis
817 1425 849 1443 ex
868 1415 977 1442 nostris.
1014 1415 1140 1441 Alheidis
1159 1415 1194 1441 la.
1213 1415 1257 1441 ob.

536 1460 673 1493 Hiltegun
693 1460 728 1486 la.
748 1460 781 1486 de
802 1459 971 1490 Berenbach,
990 1467 1062 1492 quae
1081 1457 1226 1492 praedium
1245 1457 1330 1484 dedit.

535 1503 648 1537 Tageno
668 1512 708 1529 cv.
728 1511 761 1529 ex
780 1502 889 1529 nostris.

539 1546 674 1572 Ratoldus
694 1547 719 1576 1.,
739 1545 787 1579 qui
806 1545 951 1579 praedium
971 1545 1056 1571 dedit.

538 1589 683 1616 Gertrudis
701 1588 831 1615 monialis
844 1598 869 1614 n.
884 1597 926 1622 cg.
958 1588 1132 1615 Hennannus
1145 1589 1173 1614 et
1188 1587 1304 1620 Lucilla,
1324 1587 1449 1614 Alheidis
1468 1589 1496 1614 eb
1515 1587 1573 1613 filia
1592 1587 1680 1622 ipsius
1693 1587 1818 1614 Alheidis
1832 1587 1876 1614 ob.

534 1632 677 1659 Winolfus
695 1641 730 1658 111.
751 1641 784 1659 ex
804 1631 917 1658 nostris.
950 1631 1086 1658 Hem-icus
1105 1631 1130 1662 1..
1150 1630 1198 1664 qui
1218 1629 1363 1664 praedium
1382 1630 1467 1656 dedit.

535 1675 647 1701 Wendil
666 1675 740 1702 laica
759 1684 884 1709 persona.
916 1674 1077 1700 Baldwinus
1095 1673 1156 1707 pbr.
1175 1675 1204 1700 et
1223 1682 1258 1699 m.
1277 1681 1309 1699 ex
1328 1673 1436 1699 nostris.

533 1718 714 1745 Liutkhardis
733 1719 769 1744 Ia.
801 1718 981 1744 Godehardus
1000 1718 1059 1751 pbr.
1079 1719 1107 1744 et
1126 1726 1160 1742 m.
1188 1715 1328 1742 Inferioris
1346 1716 1458 1743 Althae.

533 1761 696 1788 Elisabetha
715 1760 825 1787 ducissa
844 1761 886 1787 ob.
918 1760 1098 1794 Engilbertus
1118 1761 1135 1786 1.
1167 1760 1340 1787 Hermannus
1358 1759 1418 1793 pbr.
1439 1761 1468 1786 et
1486 1768 1521 1785 m.

532 1805 701 1831 Bertholdus
726 1805 786 1839 pbr.
813 1807 841 1831 et
864 1814 898 1830 m.
925 1813 958 1831 ex
984 1803 1093 1830 nostris
1131 1804 1272 1830 Conradus
1291 1803 1308 1829 1.
1347 1802 1493 1828 Udalricus
1516 1802 1695 1837 Stainberger
1713 1802 1774 1836 pbr.
1793 1804 1822 1829 eb
1840 1812 1874 1829 m.

584 1847 609 1874 S.
630 1848 803 1875 Emmerami.

533 1890 706 1925 Mah(t)i1dis
725 1891 807 1917 abba.
838 1890 965 1917 Alheidis
984 1890 1020 1916 Ia.

534 1933 643 1959 Ulricus
663 1933 722 1967 pbr.
742 1935 769 1960 et
789 1943 824 1960 m.
844 1942 876 1959 ex
896 1933 1005 1959 nostris.

533 1976 689 2003 Fridericus
708 1977 725 2002 1.
745 1976 898 2003 advocatus
916 1978 1009 2003 noster
1028 1976 1071 2003 ob.

536 2019 646 2045 Ulricus
665 2019 683 2044 1.

535 2062 670 2088 Hem-icus
690 2062 749 2096 pbr.
770 2064 798 2089 et
817 2071 851 2088 m.
871 2070 904 2088 ex
924 2061 1032 2088 nostris.
1070 2061 1198 2088 Alheidis
1217 2061 1253 2087 Ia.

907 2168 938 2203 N
941 2168 1194 2203 OVEMBRIS.

534 2233 670 2260 Hemicus
690 2234 750 2267 pbr.
769 2236 798 2260 et
817 2243 851 2260 m.
872 2233 953 2260 huius
972 2234 1035 2260 loci.
1066 2233 1133 2259 Otto
1152 2236 1180 2260 et
1200 2232 1353 2259 Gathar-ina
1372 2231 1400 2258 li.

532 2276 673 2302 Com-udus
702 2277 761 2310 pbr.
788 2280 815 2303 et
840 2286 873 2302 m.
899 2277 1037 2303 Inferioris
1064 2276 1175 2302 Alth-ae.
1212 2275 1321 2302 Heilrat
1345 2275 1417 2301 laica
1441 2282 1565 2308 persona.
1600 2273 1790 2300 Wernhardus
1815 2273 1874 2307 pbr.

586 2321 614 2346 et
633 2329 669 2345 m.
690 2328 722 2345 ex
742 2319 850 2345 nostris.

534 2363 590 2389 [ta
609 2365 637 2389 et
656 2362 744 2388 Gisila.
763 2362 814 2389 lae.
835 2362 877 2388 ob.

535 2405 691 2431 Gottfridus
711 2414 752 2431 cv.
773 2414 806 2432 ex
826 2405 934 2432 nostris.
967 2405 1081 2432 Chunza
1100 2405 1136 2431 la.

536 2448 753 2475 Gottschalchus
772 2450 801 2475 et
819 2448 961 2483 Sigmarus
980 2448 1008 2474 li.

536 2492 677 2518 Ortwinus
698 2492 758 2526 pbr.
778 2494 806 2518 et
824 2501 858 2517 m.
880 2501 912 2518 ex
933 2491 1042 2518 nostris.
1074 2491 1149 2523 01107
1169 2491 1312 2525 Gerbirgis
1331 2492 1359 2517 et
1379 2490 1461 2517 Clara
1481 2490 1509 2516 li.

534 2535 644 2569 Rapoto
663 2535 788 2561 subdiac.
807 2537 835 2562 et
854 2535 923 2561 Alta
946 2535 1075 2561 monialis
1094 2544 1119 2561 n.
1140 2543 1180 2567 eg.

535 2577 602 2604 Otto
622 2578 685 2604 abb.
704 2579 727 2604 4,
747 2578 829 2604 huius
848 2577 910 2604 loci.
947 2575 1089 2604 Diemfidis
1107 2577 1236 2603 monialis
1256 2586 1280 2603 n.
1301 2585 1342 2611 cg.

535 2620 690 2647 Fridericus
709 2620 725 2646 1.

535 2663 670 2690 Henricus
689 2663 762 2697 pleb.
782 2672 814 2689 ex
834 2663 934 2689 nostris
953 2663 996 2689 ob.
1026 2663 1151 2697 Rugerus
1170 2662 1187 2688 1.

536 2706 674 2732 Dietricus
695 2715 735 2732 ev,
756 2715 789 2733 ex
809 2706 917 2732 nostris.
949 2706 1088 2732 Conradus
1108 2706 1124 2731 1.

538 2747 678 2775 Diemfidis
698 2749 826 2775 monialis
846 2758 872 2775 n.
893 2758 934 2783 cg.
972 2749 1153 2782 Marquardus
1173 2749 1189 2774 l.
