2085 2999
227 126 286 155 130

340 224 402 242 non.

250 259 324 285 VIII.
341 259 377 285 id.

267 301 328 327 VII.
342 301 378 327 id.

283 344 329 371 VI.
343 344 379 370 id.

293 429 326 455 V.
340 429 375 455 id.

280 471 327 497 IV.
342 470 378 497 id.

282 557 329 583 III.
343 557 379 583 id.

287 644 321 670 ΙΙ.
337 643 373 669 id.

339 686 375 712 id.

225 772 324 798 XVIII.
340 772 396 798 kal.

241 815 327 841 XVII.
340 815 396 841 kal.

253 858 324 884 XVI.
339 858 394 884 kal.

268 945 325 971 XV.
339 945 395 972 kal.

253 1031 324 1057 XIV.
339 1031 394 1058 kal.

254 1117 327 1143 XIII.
339 1117 395 1144 kal.

262 1160 322 1187 XII.
336 1161 392 1188 kal.

284 1247 329 1273 XI.
342 1247 398 1274 kal.

296 1333 328 1359 X.
342 1333 398 1359 kal.

280 1376 325 1401 IX.
339 1376 395 1402 kal.

255 1504 329 1530 VIII.
344 1505 398 1530 kal.

270 1634 329 1661 VII.
344 1634 399 1660 kal.

286 1678 331 1704 VI.
346 1677 401 1703 kal.

298 1763 330 1789 V.
344 1763 399 1789 kal.

282 1814 328 1840 IV.
342 1814 398 1841 kal.

287 1987 334 2013 III.
346 1987 401 2013 kal.

294 2031 329 2057 II.
344 2030 400 2056 kal.

348 2315 404 2343 kal.

286 2446 332 2471 IV.
347 2455 408 2472 non.

291 2488 336 2514 Ill.
351 2497 411 2514 non.

302 2532 334 2557 II.
348 2540 410 2557 non.

456 216 480 242 5.

456 260 480 285 6.

459 301 483 327 7.

458 344 482 370 8.

455 429 478 455 9.

442 472 481 498 10.

444 558 483 583 11.

438 644 476 669 12.

440 686 479 713 13.

444 773 483 798 14.

443 817 482 842 15.

441 859 480 885 16.

444 946 482 972 17.

443 1031 481 1058 18.

442 1117 481 1143 19.

438 1161 478 1188 20.

442 1248 483 1274 21.

443 1333 483 1359 22.

441 1376 482 1402 23.

445 1505 486 1531 24.

445 1634 485 1660 25.

447 1677 486 1702 26.

445 1763 486 1790 27.

443 1815 484 1841 28.

446 1987 486 2013 29.

445 2030 485 2056 30.

468 2317 490 2343 1.

463 2446 486 2471 2.

464 2489 487 2514 3.

463 2533 487 2557 4.

744 119 1007 147 NECROLOGIUM
1026 119 1350 146 SCHEFTLARIENSE.

524 214 701 241 Deinhardus
721 223 761 241 cv.
781 214 824 240 ob.

526 257 689 284 Uhunradus
707 266 762 284 sac.
794 255 987 291 Engelburgis,
1007 256 1157 290 Irmgardis
1175 256 1193 282 I.

527 300 674 327 Hainricus
693 309 772 334 ppos.
803 298 953 333 Irmgardis
974 308 1015 325 cv.
1034 307 1092 325 nra.
1123 298 1290 325 Richkardis
1310 299 1327 325 l.

528 343 728 370 Udelschalcus
748 343 808 377 pbr.
839 340 973 368 Rfidolfus
993 351 1034 369 ev,
1053 351 1079 368 n.
1113 342 1300 369 Berchtoldus
1318 342 1336 368 l.
1368 342 1530 376 Irmgardis,
1550 342 1698 378 wilbirgis
1717 353 1773 371 cve.
1805 345 1870 371 Irm-

583 386 677 420 gardis
696 386 713 412 l.
747 386 856 419 [Petrus
875 385 1123 417 Saesehenhauser,
1143 385 1298 412 eonsolaeio
1317 385 1350 411 de
1370 385 1486 411 dimidia
1504 385 1580 412 huba
1598 385 1626 412 in
1645 386 1794 421 Mfmsing]

526 427 660 455 Rfidolfus
679 429 696 455 l.
728 428 877 455 Gerdrudis
896 437 937 454 cv.

527 471 675 498 Hainrieus
689 480 730 497 cv.
747 480 773 497 n.
805 470 1000 501 Maenhawrdus,
1020 471 1201 505 Gumpoldus,
1220 470 1339 505 Rapoto.
1370 470 1531 503 Katherina,
1551 471 1696 503 Richildis,
1715 472 1841 499 Eufemia.
1855 473 1872 500 1.

584 513 661 548 [Otto
680 522 758 548 ppOS.
778 513 911 547 Zenonis]

528 557 695 584 Adelbertus
709 566 765 591 epS.
780 556 971 591 Frisingensis.
1000 556 1138 583 Fridricus
1151 565 1229 590 ppos.
1254 556 1404 589 thfridus‚
1417 557 1495 588 Bero,
1513 555 1682 591 Chfinradus,
1696 558 1872 593 PerengeruS,

584 600 659 627 Arbo
678 600 696 626 l.
728 600 816 631 Hilta,
836 600 991 629 Liukardis,
1011 599 1182 630 Adelhaidis,
1203 599 1375 631 Adelhaidis,
1395 599 1492 627 Eccele
1501 602 1523 633 Β)
1543 600 1561 627 l.

523 643 723 670 Maechthildjs
743 651 784 669 cv,
804 651 861 669 nra.
892 643 1037 674 Amoldus,
1057 643 1224 674 Adelfridus,
1244 642 1415 671 Chx‘lnradus.
1435 643 1537 677 Engila.
1554 643 1572 670 l.

525 677 675 712 ffidalrieus
688 695 767 720 ppos,
798 686 964 712 Altmannus
978 686 1038 719 pbr.
1066 685 1217 717 Isenherus,
1239 685 1379 715 Richerus.
1398 676 1514 718 ffilricus,
1529 685 1668 712 Fridrieus
1681 686 1699 712 l.
1726 686 1873 720 [Iohannes

584 729 746 764 Miiusinger
764 729 832 763 pbr.,
852 729 1009 755 eonsolacio
1029 729 1062 755 de
1081 729 1160 755 feodo
1179 728 1209 754 in
1227 728 1435 763 Dingharting]

528 772 698 798 Maezelinus
718 773 735 798 l.
755 772 823 804 ob.¹)
855 772 1012 806 [Hainricus
1030 771 1090 806 pbr.
1109 781 1136 798 n.
1157 771 1248 798 dietus
1267 772 1354 798 Sachs
1374 772 1462 805 1456]

527 816 703 843 Eberhardus
720 816 780 850 pbr.
810 815 980 850 Engelolfus,
999 815 1212 850 MegenharduS,
1231 815 1386 842 Hainricus.

526 859 606 886 Hilta
624 868 665 886 ev.
684 868 741 886 nra.
772 857 936 885 Chfinradus
955 859 972 885 l.
1003 858 1070 885 Otto
1088 857 1212 884 marchio
1232 858 1391 884 Brandbure
1404 859 1469 891 (sic).
1501 857 1636 892 [Ortolfus
1655 858 1746 885 dietus
1764 858 1874 885 Sealch-

585 902 682 933 dorfer,
702 901 866 928 consolacio.
896 901 964 928 Otto
983 901 1042 935 pbr.
1062 902 1095 927 de
1114 901 1327 935 Endelhauseu]

528 945 703 971 Purehardus
722 945 786 971 abb.
819 945 1001 971 Berchtoldus
1015 953 1092 979 ppos
1124 944 1300 976 Wernherus.
1321 942 1485 971 Chfinradus
1497 944 1555 979 pbi.
1585 944 1740 976 Haimicus,
1759 945 1875 971 Erehen-

586 988 674 1015 fridus
693 988 710 1014 1.
742 988 900 1022 [Ludwieus
919 988 982 1015 abb.
1002 988 1056 1022 ob.]

527 1029 692 1057 Chfinradus
706 1040 732 1065 p.
746 1040 771 1057 n.
792 1029 956 1057 Chfinradus
970 1031 1029 1065 pbr.
1043 1032 1072 1057 et
1086 1040 1145 1057 can.
1164 1030 1232 1057 Otto
1251 1030 1401 1057 archidiac.
1413 1032 1441 1057 et
1453 1040 1488 1057 m.
1508 1031 1681 1062 Altmannus,
1695 1030 1847 1064 Liupoldus
1857 1030 1874 1057 l.

587 1074 707 1101 Berchta
726 1084 761 1101 m.
792 1074 948 1109 wilbirgis,
969 1074 1125 1108 lrmgardis,
1144 1074 1238 1108 Agnes
1257 1074 1275 1100 l.

527 1117 702 1143 Hermannus
721 1117 782 1151 pbr.
814 1117 954 1143 Gerwicus
975 1126 1014 1144 cv.
1035 1127 1060 1143 n.
1088 1117 1258 1144 Werrandus
1277 1117 1294 1143 l.
1326 1116 1475 1143 Gerdrudis
1494 1117 1511 1143 1.

524 1160 664 1187 Einwicus
683 1170 718 1187 m.
746 1160 909 1186 Waltherus
929 1169 969 1187 cv.
989 1170 1014 1187 n.
1045 1160 1195 1186 Hainrieus
1214 1161 1231 1186 l.
1263 1160 1408 1193 [Iohannes
1427 1169 1505 1194 ppOS.
1526 1159 1683 1187 Novecelle.
1714 1160 1876 1187 Chunradus

587 1204 650 1230 abb.
678 1204 848 1238 Ingenuinus
867 1204 941 1238 abb]

528 1247 661 1274 Gebolfus
687 1247 747 1281 pbr.
771 1251 799 1274 et
825 1256 885 1274 can.
916 1247 1081 1274 Albuwinus
1111 1256 1151 1273 cv.
1178 1256 1203 1273 n.
1237 1246 1412 1277 Adelhaidis,
1440 1245 1544 1272 Hailka
1568 1246 1585 1273 l.
1617 1246 1775 1280 [Hainricus
1802 1246 1875 1280 pleb.

587 1291 616 1316 in
636 1290 732 1324 Gries.]

531 1333 706 1359 Bernhardus
726 1333 786 1366 pbr.
818 1332 966 1359 Hainricus
985 1333 1109 1359 subdiac.
1131 1335 1159 1359 et
1179 1342 1213 1359 m.
1250 1332 1449 1359 Maechthildis
1468 1341 1508 1359 cv.
1528 1341 1585 1359 nra.
1617 1332 1742 1359 Dimfidis
1762 1333 1779 1359 l.

528 1375 677 1402 Gerdrudis
692 1385 732 1402 cv.
746 1385 803 1402 nra.
836 1376 1001 1402 Reinbertus
1017 1376 1034 1402 1,
1065 1375 1140 1402 Gfita
1153 1375 1289 1402 monialis.
1318 1366 1428 1402 &Irieus
1442 1375 1600 1402 Tuifelhart
1613 1384 1654 1409 pr.
1668 1385 1701 1406 n.,
1722 1375 1877 1402 eonsolacio

589 1419 622 1444 de
642 1418 750 1445 decima
770 1419 797 1444 in
817 1419 1020 1445 Holtzhausen.
1048 1427 1130 1452 quam
1156 1418 1215 1452 ipse
1242 1420 1357 1451 emerat,
1385 1427 1446 1445 eum
1472 1419 1563 1445 adhuc
1589 1421 1660 1445 esset
1684 1421 1790 1449 custos,
1817 1419 1878 1445 sine

588 1462 662 1488 omni
682 1462 803 1496 dampno
822 1462 946 1488 ecclesie.

532 1503 694 1531 Chfinradus
708 1505 766 1531 dec.
796 1503 937 1531 Walchfin
950 1505 1010 1539 pbr.
1037 1505 1230 1539 Erkenpoldus
1244 1513 1285 1531 cv.
1298 1514 1324 1530 n.
1353 1505 1544 1536 Ellenhardus,
1559 1495 1668 1531 lericus
1681 1505 1698 1531 l.
1730 1506 1823 1539 Agnes
1837 1513 1877 1531 ev.

589 1548 751 1582 Max-gardis,
773 1548 980 1579 Maeehthildis,
999 1547 1174 1574 Richkardis.
1206 1548 1414 1582 [Purehhardus
1433 1550 1555 1580 venator,
1575 1548 1731 1575 consolacio
1751 1548 1784 1574 de
1802 1546 1878 1574 hfiba

589 1591 617 1618 in
635 1591 751 1625 Erling]

532 1633 711 1665 Her-mannus,
732 1634 874 1661 Frowinus
891 1644 931 1661 ον.
946 1635 996 1661 nri.
1026 1625 1136 1661 {lh-icus
1150 1644 1191 1662 cv.
1219 1635 1366 1668 Fridricus,
1380 1625 1490 1661 ffilricus
1502 1635 1520 1661 l.
1550 1635 1670 1661 Berchta
1684 1643 1724 1661 cv.
1753 1635 1848 1661 Gunza.
1861 1634 1878 1660 l.

533 1667 642 1703 &Irieus
668 1677 730 1704 abb.
755 1678 788 1704 de
813 1678 993 1704 Osterhoven.
1021 1677 1218 1704 Waltmannus
1244 1688 1285 1705 cv.
1309 1688 1333 1705 n.
1365 1677 1526 1711 Wolftrigel
1553 1678 1570 1704 l.
1600 1678 1694 1711 Agnes
1713 1677 1878 1711 Lugerinna,

591 1719 687 1753 Gysila
707 1720 724 1746 l.

534 1761 612 1789 Kfino
632 1763 648 1788 l.
680 1762 880 1790 Maechthildis
899 1771 940 1788 CV.
972 1763 1063 1796 Agnes
1082 1763 1100 1789 l.

531 1813 702 1845 Ohfinradus,
722 1812 893 1846 Chfinradus,
912 1801 1054 1840 &rtliebus
1073 1814 1129 1848 pbi.
1145 1816 1174 1841 et
1188 1823 1246 1841 can.
1277 1814 1365 1841 Otilia
1385 1823 1425 1841 cv.
1440 1822 1496 1840 nra.
1527 1813 1682 1844 Hainrieus,
1701 1813 1844 1847 Engelbau
1861 1814 1878 1840 l.

590 1857 787 1892 Chfinegundis
807 1866 847 1883 cv.
882 1857 1012 1883 Dominus
1038 1857 1186 1883 Enim-icus
1211 1858 1244 1883 de
1264 1857 1434 1889 Chirchaim,
1460 1856 1533 1891 pleb.
1559 1857 1674 1888 ibidem,
1700 1856 1791 1883 dictus
1816 1856 1879 1887 Raz,

591 1901 648 1933 0b.,
679 1900 834 1927 eonsolaeio
860 1900 892 1927 de
916 1900 1106 1934 Rymsenrayn
1132 1902 1161 1927 et
1185 1898 1260 1927 hfiba
1286 1900 1313 1926 in
1341 1899 1537 1934 Dingharting.
1570 1899 1727 1933 [Hainrieus
1749 1900 1880 1926 Saehsen-

590 1944 771 1978 hausaerius]

533 1987 655 2013 Ortolfus
675 1987 744 2014 diae.
774 1987 912 2013 Dietricus
932 1996 999 2013 com.
1031 1985 1193 2014 Chfinradus
1213 1988 1230 2014 l.
1259 1988 1409 2022 Gerwirgis
1427 1997 1462 2014 m.

532 2021 679 2056 &dalricus
693 2031 752 2064 pbr.
763 2032 791 2057 et
803 2039 862 2056 ean.
883 2021 999 2063 1⁰JlricuS,
1013 2031 1158 2062 Arnoldus,
1173 2029 1342 2062 CIffiuradus,
1356 2030 1518 2061 Liutfridus,
1532 2029 1664 2056 Rieherus
1678 2029 1695 2056 l.
1716 2030 1825 2056 Osanna
1838 2039 1879 2056 cv.

593 2073 786 2101 Bunnehildis.
806 2074 963 2107 Irmgardis,
983 2073 1068 2108 Gepa,
1090 2074 1235 2100 Liukardis
1254 2074 1270 2100 l.
1303 2074 1382 2108 [Ann.
1402 2073 1560 2108 principum
1580 2073 1701 2104 Austrie,
1727 2075 1879 2099 antecesso-

592 2126 650 2142 rum
670 2118 698 2142 et
718 2126 904 2143 successorum
925 2126 1017 2143 eorum
1037 2117 1082 2143 hic
1102 2120 1265 2151 peragatur,
1286 2117 1454 2150 consolaciol
1474 2117 1545 2143 sicut
1564 2116 1647 2142 litera
1666 2116 1744 2142 ducis
1763 2115 1879 2142 Fridriei

590 2163 678 2192 sonat,
699 2161 741 2187 ob.
763 2161 847 2194 1432]

923 2260 1187 2296 DECEMBER.

536 2316 682 2343 Udalricus
708 2316 766 2350 pbr.
786 2326 811 2343 n.
853 2316 1016 2343 Gebhardus
1034 2317 1094 2351 pbr.
1114 2319 1142 2343 et
1161 2326 1220 2343 can.
1263 2315 1410 2342 Hainricus
1431 2315 1490 2349 pbr.
1510 2316 1538 2341 et
1556 2324 1591 2341 m.
1627 2314 1775 2340 Hainricus
1794 2322 1834 2340 cv.
1854 2323 1879 2340 n.

593 2359 742 2386 Gerch-udis
762 2369 802 2386 cv.
822 2369 879 2386 nra.
912 2360 1087 2392 Waltherus,
1108 2359 1253 2391 Rfidolfus,
1273 2359 1414 2391 Rieherus,
1434 2358 1594 2392 Wolftrigel
1613 2358 1630 2384 l.
1660 2357 1819 2391 Haedwigis
1838 2365 1879 2383 cv.

592 2403 748 2433 Gerdrudis,
769 2403 936 2436 Hiltigardis
956 2403 972 2429 I.

532 2446 707 2472 Bemhardus
726 2446 786 2480 pbr.
806 2456 831 2472 n.
860 2445 1021 2472 Chfinradus
1041 2446 1164 2473 subdiac.
1184 2447 1212 2472 et
1231 2454 1290 2472 can.
1320 2443 1490 2475 Chfinradus‚
1509 2444 1646 2470 Arnoldus
1665 2443 1682 2469 l.
1711 2443 1801 2469 Geuta
1820 2443 1837 2469 l.

533 2488 681 2515 Hainrious
701 2490 760 2523 pbr.
780 2491 808 2515 et
827 2499 860 2516 ω.
893 2490 1050 2519 Hainrieus,
1070 2490 1214 2515 Ekkardus
1234 2489 1250 2515 l.
1283 2488 1430 2522 [Martinus
1449 2488 1518 2521 pbr.,
1539 2487 1616 2521 prior
1635 2487 1668 2512 de
1688 2485 1878 2519 Osterhoven]

534 2532 724 2566 Flrkenpoldus
744 2533 803 2566 pbr.
835 2531 973 2566 Rfipertus
993 2542 1033 2559 cv.
1052 2542 1078 2559 n.
1109 2532 1309 2562 Maenwardns,
1329 2531 1503 2557 Eberhardus
1523 2531 1539 2556 l.
1568 2529 1731 2555 Adelhaidis
1750 2537 1835 2555 coma.

336 2657 359 2683 ⁸)
380 2653 431 2677 Aut
450 2654 544 2678 Ercele.

339 2705 359 2735 ¹)
380 2704 442 2736 Rea.
460 2704 510 2737 pli.
529 2703 640 2729 eundem
659 2705 795 2737 quendam
816 2705 926 2731 nomine
940 2705 1110 2731 Maezelinum
1124 2705 1250 2730 nominat.
1289 2705 1393 2730 Manus
1407 2704 1491 2737 paulo
1510 2703 1638 2729 recentior
1655 2702 1685 2727 rin
1703 2701 1750 2727 hoc
1767 2701 1879 2735 reyislro

235 2745 354 2772 udclidit:
373 2747 420 2780 qui
440 2747 516 2773 dedit
536 2747 615 2773 nobis
636 2748 666 2772 14
687 2756 800 2773 marcas
