2085 2999
215 153 250 182 14

212 243 312 270 XVIII.
327 243 380 269 kal.

256 329 314 355 XV.
328 328 383 354 kal.

240 415 313 442 XIV.
326 414 381 441 kal.

238 499 311 525 XIII.
326 499 381 525 kal.

256 756 316 782 XII.
329 755 385 781 kal.

272 799 318 825 XI.
331 798 387 824 kal.

286 841 318 868 X.
331 841 386 867 kal.

243 927 318 953 VIII.
331 927 386 953 kal.

270 1012 316 1038 VI.
331 1012 386 1038 kal.

287 1099 321 1124 II.
335 1098 390 1125 kal.

337 1287 393 1315 kal.

281 1373 326 1399 IV.
341 1381 401 1399 non.

281 1547 328 1573 III.
342 1555 404 1573 non.

296 1677 329 1703 Π.
343 1684 404 1702 non.

344 1770 406 1788 non.

257 1805 331 1832 VIII.
344 1805 381 1831 id.

273 1848 335 1874 VII.
347 1848 384 1874 id.

290 1978 335 2004 IV.
349 1977 384 2004 id.

350 2021 386 2048 id.

275 2065 334 2091 XV.
347 2065 403 2091 kal.

265 2109 337 2134 XIV.
351 2108 406 2134 kal.

276 2152 336 2178 XII.
350 2152 405 2178 kal.

290 2195 337 2220 XI.
351 2195 406 2221 kal.

251 2238 337 2264 VIIII.
352 2238 406 2264 kal.

264 2281 337 2307 VIII.
351 2281 397 2307 kal

294 2324 339 2350 VI.
354 2324 408 2350 kal.

312 2367 343 2393 V.
357 2367 411 2393 kal.

302 2582 346 2608 IV.
361 2582 414 2608 kal.

428 242 467 267 15.

430 327 468 352 18.

428 414 467 439 19.

425 498 467 524 20.

431 756 472 782 21.

431 798 472 824 22.

432 840 472 866 23.

431 927 472 953 25.

434 1012 475 1038 27.

436 1099 476 1124 31.

735 139 840 167 LIBER
860 135 1101 165 OBLATIONUM
1121 132 1330 160 INTICENSIS.

521 236 684 264 Chilnradns
703 237 731 262 et
749 234 884 261 Ratoldus
904 233 1001 259 fratres
1021 231 1072 263 ob.,
1100 230 1147 263 qui
1167 229 1301 256 dederunt
1320 237 1339 254 s.
1361 226 1484 253 Candido
1503 225 1571 252 duos
1589 233 1670 259 agros
1688 224 1756 251 sitos
1775 232 1857 258 super

572 280 717 307 ecclesiam
737 277 932 311 Tessenperch,

522 324 640 351 Domina
659 321 804 348 Elizabeth
823 321 875 349 ob..
894 328 947 353 que
967 318 1043 344 dedit
1062 319 1173 351 pratum
1193 324 1239 342 sex
1258 323 1371 348 operum
1391 313 1419 339 in
1434 311 1597 338 F1·c⁹›nstadel
1617 313 1645 338 et
1663 312 1753 338 ortum
1772 319 1857 336 unum

571 367 647 401 apud
666 365 782 392 Poldum
801 363 835 390 ad
855 362 1027 389 oblacionem
1046 359 1177 386 fratribus
1196 357 1378 393 presentibus.

520 409 683 444 Rapholdus
701 409 758 434 dec.
779 407 830 436 ob,
856 406 904 440 qui
922 404 1030 439 legavit
1049 403 1153 430 curiam
1176 402 1204 428 in
1228 402 1332 428 Roken.
1369 400 1501 426 Albertus
1518 398 1598 425 miles
1617 398 1650 424 de
1663 397 1787 424 Toblaeh
1806 397 1858 428 ob.,

573 453 621 486 qui
640 451 717 478 dedit
736 459 841 485 agrum.

521 495 637 522 Domina
664 493 803 521 Diemodis
830 501 898 518 uxor
925 490 1028 517 domini
1055 488 1167 516 Geroldi
1194 488 1227 514 de
1246 487 1361 514 Emlach
1380 486 1436 518 ob.,
1465 494 1518 519 que
1545 485 1663 512 tradidit
1689 484 1860 511 oblationem

572 538 702 564 fratribus
730 535 906 570 presentibus
936 534 969 560 de
998 533 1077 559 bonis
1096 531 1206 558 ibidem.
1253 529 1425 564 [Sebastiani
1454 528 1576 555 martiris
1606 528 1751 563 peragitur
1782 527 1860 554 anni-

576 581 710 607 versarius
730 579 836 606 domini
855 576 1000 604 Michaelis
1020 576 1052 602 de
1072 575 1192 608 Tyliach
1212 573 1281 600 caui.
1301 573 1460 605 lntieensis,
1484 572 1551 599 emit
1574 571 1678 598 curiam
1699 571 1862 605 Pladringer

576 624 602 650 in
623 625 715 649 monte
734 630 816 656 super
834 621 937 654 Syna„
958 622 986 646 et
1005 619 1053 645 dat
1072 620 1087 644 5
1101 617 1181 644 schdt
1201 619 1228 643 et
1243 618 1255 642 1
1271 618 1300 643 d.
1318 616 1444 642 alborum
1458 624 1622 650 grossorum,
1642 615 1710 641 duas
1723 614 1861 645 enxeniaS,

576 670 606 694 ut
626 668 652 693 in
672 666 775 693 litteris
794 664 943 699 emptionis
959 663 1129 691 contimtum
1149 661 1293 695 sepultura
1312 662 1390 686 extra
1409 661 1519 694 portam
1534 658 1648 685 ecclesie
1663 667 1756 684 versus
1775 657 1863 684 scolas

573 711 602 737 in
621 710 734 736 sinistra
753 710 833 743 parte
852 708 879 734 in
900 706 1003 741 angulo
1023 706 1072 732 sub
1093 705 1204 739 pictura,
1223 703 1354 730 crucifixi.

526 753 661 780 Ratoldus
681 753 713 779 de
732 751 893 785 Heusingen
912 750 964 781 ob.,
985 749 1032 782 qui
1052 748 1132 774 nobis
1152 747 1229 774 dedit
1249 746 1354 773 curiam
1368 746 1470 772 Mosele
1488 766 1493 772 .
1509 766 1514 772 .
1528 766 1534 771 .

527 797 692 823 Altmannus
710 795 816 826 Fidelo,
836 793 883 827 qni
903 793 957 819 fuit
976 792 1089 823 occisus,
1110 791 1187 817 dedit
1206 799 1302 824 agrum
1322 798 1406 815 unum
1425 798 1444 814 s.
1460 788 1592 815 Candido.

527 839 671 874 [Dominus
689 838 852 864 Waltherus
870 836 950 862 miles
973 836 1006 862 de
1025 835 1129 869 Vir-gen
1153 836 1182 861 et
1206 833 1278 860 filius
1301 842 1365 859 suus
1388 833 1557 859 Wernherus
1576 832 1631 863 ob.,
1658 832 1706 865 qni
1730 833 1866 863 dederunt

577 881 681 908 curiam
700 881 729 907 in
748 880 830 906 Sexto
849 879 877 905 in
896 879 1073 905 Vronebeuer
1092 878 1127 904 ad
1145 876 1317 903 oblationem
1335 875 1467 902 fratribus
1486 874 1680 910 presentibus]

527 925 672 952 Heinricus
690 925 723 951 de
745 922 920 950 Haberberch
940 922 995 952 ob.,
1020 921 1067 955 qui
1096 920 1203 955 legavit
1221 920 1304 946 beato
1324 919 1448 945 Candido
1472 921 1500 945 et
1519 919 1634 945 ecclesie
1653 919 1740 954 ipsius
1759 921 1864 948 curiam

578 968 681 994 dictam
700 967 728 993 in
747 967 800 992 Tal
818 966 847 992 in
867 965 949 992 Sexto
968 965 1051 991 sitam
1064 985 1070 990 .
1085 985 1110 993 ..
1130 963 1274 997 sepultura
1293 971 1342 989 sua
1361 962 1410 988 sub
1431 962 1548 996 capella.

529 1010 664 1038 Geroldus
689 1011 721 1037 de
747 1009 834 1036 Puhel
854 1009 906 1039 ob.,
926 1008 1002 1035 cuius
1021 1007 1093 1033 filius
1112 1007 1245 1041 magister
1263 1006 1409 1037 Gemldus,
1438 1014 1497 1032 can.
1517 1005 1598 1032 huius
1617 1006 1740 1039 ecclesie,
1760 1007 1866 1042 legavit

577 1054 681 1080 curiam
700 1053 728 1079 in
747 1053 823 1079 Pach
836 1073 842 1079 .
857 1073 862 1079 .
876 1053 905 1085 .¹)

531 1098 677 1124 Heinricus
696 1097 786 1123 dictus
805 1095 899 1122 Pt’xller
917 1095 969 1128 ob.,
990 1094 1038 1128 qui
1057 1093 1134 1121 dedit
1152 1102 1250 1128 agrum
1269 1093 1385 1119 duarum
1403 1093 1517 1120 eharum
1535 1092 1565 1118 in
1579 1113 1584 1118 .
1598 1113 1604 1119 .
1619 1113 1624 1118 .
1644 1094 1672 1119 et
1692 1092 1865 1121 viminarium

580 1151 600 1168 s.
619 1140 750 1172 Candido,
769 1139 841 1166 unde
860 1139 993 1165 fratribus
1013 1137 1188 1172 presentibus
1207 1137 1326 1163 solvitur
1344 1136 1468 1167 oblacio;
1487 1135 1654 1170 [sepultura]
1679 1137 1729 1162 sub
1749 1138 1866 1172 capella.

890 1218 1208 1256 FEBRUARIUS.

534 1286 694 1321 Rudegerus
713 1286 792 1313 miles
816 1286 848 1312 de
868 1285 1044 1313 Heunenvels
1064 1285 1115 1316 ob.,
1143 1283 1191 1317 qui
1219 1283 1336 1310 tradidit
1354 1293 1374 1310 s.
1403 1283 1525 1310 Candido
1549 1282 1621 1311 50111
1645 1284 1680 1310 ad
1699 1284 1871 1312 oblacionem

583 1330 715 1356 fratribus
733 1329 836 1356 ibidem
854 1329 1046 1361 residentibus,
1066 1328 1210 1362 sepultura
1229 1327 1287 1354 eius
1306 1327 1356 1353 sub
1377 1327 1508 1361 capella*.

532 1372 658 1407 Rfigerus
676 1372 755 1399 miles
775 1373 807 1399 de
828 1372 928 1398 Millun
948 1372 999 1403 ob.,
1020 1371 1067 1405 qui
1088 1371 1165 1397 dedit
1185 1371 1302 1402 domum,
1322 1372 1421 1402 ortum,
1441 1379 1522 1404 agros
1541 1372 1570 1397 et
1586 1370 1713 1404 predium
1733 1371 1761 1397 in
1780 1371 1872 1403 Sexto,

585 1416 657 1442 unde
677 1416 779 1442 dantur
799 1417 850 1442 due
870 1415 1041 1448 oblaciones,
1071 1423 1126 1441 una
1153 1414 1182 1440 in
1201 1414 1390 1441 anniversario
1410 1413 1480 1445 eius,
1508 1413 1566 1440 alia
1594 1414 1624 1440 in
1652 1414 1873 1442 Annuntiatione

585 1469 604 1486 s.
624 1459 717 1491 Mai-ie,
739 1459 862 1494 possidet
889 1458 1044 1493 predictam
1071 1458 1198 1485 dominus
1217 1458 1266 1485 HJ*
1286 1457 1430 1491 [Dominus
1450 1457 1602 1492 Reingerus
1626 1457 1826 1492 hospitalarius
1844 1458 1872 1484 in

587 1503 696 1534 Clusna,
717 1502 800 1529 confr.
820 1512 858 1528 nr.
878 1503 932 1536 ob.]

457 1546 481 1572 3.
535 1545 722 1572 Erkinboldus
741 1546 773 1572 de
793 1545 963 1572 Niderndorf
979 1545 1035 1577 ob.,
1060 1545 1108 1579 qui
1127 1545 1204 1571 dedit
1224 1543 1349 1579 predium
1370 1544 1397 1570 in
1415 1546 1508 1571 moute
1529 1541 1636 1571 Grfiben
1656 1553 1738 1579 super
1757 1544 1874 1572 Nidern-

450 1978 488 2004 10.

450 2021 489 2048 13.

467 2082 472 2087 .
485 2086 490 2091 .
544 2065 678 2091 Dominus
689 2066 822 2092 Ger-oldus
836 2066 914 2092 miles
928 2066 960 2092 de
972 2066 1107 2092 Neinlach
1118 2065 1169 2096 ob.,
1183 2065 1230 2099 qui
1241 2065 1358 2091 tradidit
1368 2074 1388 2091 s.
1400 2065 1523 2091 Candido
1532 2074 1629 2098 agmm
1643 2064 1671 2090 in
1683 2064 1882 2091 Chalchoveffl.

454 2110 492 2135 16.

453 2153 491 2178 18.

454 2196 492 2222 19.

452 2239 493 2265 21.

453 2283 494 2308 22.

454 2326 503 2351 ‘24‘

484 2379 497 2393 ι.
552 2368 696 2395 Heinricus
716 2369 749 2396 de
763 2368 869 2396 Li‘incze
889 2370 941 2400 ob.,
961 2370 1009 2403 qui
1028 2370 1105 2396 dedit
1124 2380 1144 2396 S.
1158 2371 1282 2397 Candido
1302 2371 1427 2405 predium
1446 2380 1525 2397 suum
1544 2370 1572 2396 iu
1586 2369 1706 2396 Nullust
1744 2368 1886 2403 [Dominus

460 2584 501 2609 215.

586 1589 653 1615 dorf.
687 1589 834 1624 [Dominus
853 1590 988 1616 Iohannes
1008 1589 1040 1615 de
1060 1589 1162 1616 Pusato
1182 1588 1315 1622 magister
1333 1588 1447 1619 arcium,
1466 1588 1571 1622 peritus
1590 1588 1619 1614 in
1633 1597 1711 1614 sacra
1723 1588 1874 1623 theologia,

588 1632 781 1659 baccalaurius
800 1633 827 1659 in
846 1632 969 1664 medicis,
989 1633 1046 1659 dec.
1065 1632 1147 1658 huius
1165 1632 1228 1664 loci,
1247 1632 1289 1658 ob.
1309 1641 1381 1658 anno
1403 1631 1486 1665 1379.]

535 1676 681 1702 Lndwicus
709 1676 788 1702 miles
812 1676 845 1703 de
865 1676 1028 1710 Welspereh
1053 1676 1108 1707 ob.,
1132 1675 1180 1709 qui
1204 1675 1281 1702 dedit
1309 1675 1424 1702 ecclesie
1452 1684 1472 1701 s.
1491 1674 1608 1701 Candidi
1636 1675 1740 1701 curiam
1760 1675 1787 1701 in
1806 1675 1877 1701 silva,

592 1719 667 1745 circa
687 1719 835 1746 Planchen.

537 1761 683 1788 Heinricus
703 1762 792 1788 Faber
810 1763 861 1793 ob„
882 1762 929 1796 qui
947 1761 1026 1788 dedit
1044 1771 1143 1796 agrum
1163 1761 1334 1788 Rfitenstein.

540 1805 703 1831 Wolvoldus
723 1805 853 1838 subdyac.
873 1806 904 1831 fr.
924 1815 963 1831 nr.
983 1805 1034 1836 ob.,
1055 1805 1103 1838 qni
1122 1804 1199 1831 dedit
1218 1805 1298 1831 nobis
1317 1805 1444 1839 predium
1463 1805 1491 1831 in
1510 1805 1628 1831 Monte*.

540 1848 705 1882 Egilolphus
725 1849 756 1875 fr.
775 1858 814 1874 nr.
834 1849 892 1875 dec.
912 1849 968 1881 ob.,
994 1848 1041 1882 qui
1060 1857 1080 1874 s.
1100 1848 1223 1875 Candido
1248 1848 1381 1882 persolvit
1406 1848 1510 1874 curiam
1534 1848 1563 1873 in
1586 1847 1669 1874 Sexto
1688 1847 1738 1874 sub
1757 1856 1825 1881 rupe
1844 1847 1879 1873 ad

594 1892 765 1918 oblacionem
795 1892 928 1918 fratribus
958 1891 998 1918 ibi
1028 1892 1212 1918 servientibus
1240 1892 1267 1917 in
1295 1891 1482 1918 anniversario
1509 1900 1569 1924 suo,
1597 1893 1625 1918 et
1651 1890 1768 1918 tradidit
1795 1891 1880 1918 etiam

592 1935 756 1969 psalterium
776 1944 877 1961 novum
890 1937 919 1962 et
932 1935 1059 1962 officiale.
1089 1935 1205 1961 Oblacio
1220 1935 1302 1962 datur
1321 1935 1353 1961 de
1367 1935 1507 1969 gmnarioe
1527 1935 1670 1969 sepultura
1683 1934 1734 1960 sub
1748 1934 1880 1968 capella&

541 1978 708 2012 Magenhart
727 1978 779 2010 ob.,
799 1978 847 2012 qui
866 1979 943 2005 dedit
962 1987 1054 2005 aream
1073 1980 1146 2005 retro
1166 1977 1317 2004 Mozarium
1337 1980 1365 2004 et
1384 1979 1494 2012 pratum
1514 1978 1549 2004 ad
1568 1978 1666 2004 oleum.

544 2021 658 2055 [Paulus
677 2021 900 2056 Weithartinger
920 2022 976 2048 dec.
996 2021 1111 2048 ecclesie
1131 2031 1150 2047 s.
1171 2021 1289 2047 Candidi
1309 2021 1351 2048 ob.
1371 2030 1442 2047 anno
1461 2020 1565 2047 domini
1586 2022 1670 2055 1395]

546 2109 647 2136 Albero
667 2109 750 2136 Retro
770 2110 930 2141 Ecclesiam,
950 2109 997 2143 qui
1018 2109 1095 2136 dedit
1114 2110 1196 2136 beato
1217 2109 1339 2136 Candido
1359 2118 1456 2143 agrum
1475 2111 1504 2135 et
1524 2110 1657 2143 pratum'ffi

546 2153 667 2179 Leukai-t
686 2153 737 2184 ob.,
756 2162 809 2186 que
828 2153 906 2180 dedit
925 2154 1038 2180 ortum&

546 2196 653 2222 Helcha
672 2196 723 2227 ob.,
743 2206 797 2230 que
817 2197 893 2224 dedit
912 2197 995 2223 beato
1015 2197 1138 2223 Candido
1158 2206 1255 2231 agrum
1275 2196 1303 2223 iu
1322 2196 1443 2224 Ribtale.

547 2239 664 2265 Wolfolt
683 2238 774 2266 fflmie
793 2240 845 2270 ob.,
864 2240 911 2273 qui
931 2240 1008 2266 dedit
1027 2249 1132 2275 agrum.

549 2281 709 2317 Rudegerus
728 2283 828 2310 Kesere
848 2284 899 2315 ob.,
920 2283 967 2317 qui
986 2284 1063 2311 dedit
1081 2294 1178 2318 agrum
1198 2284 1226 2310 in
1246 2284 1379 2311 Toblach.

549 2323 688 2353 Rfibertus
707 2326 739 2353 de
759 2326 923 2360 Welspereh
943 2327 994 2358 ob,
1014 2327 1062 2360 qui
1082 2327 1159 2354 dedit
1177 2327 1256 2353 nobis
1276 2327 1380 2354 curiam
1400 2328 1428 2353 in
1447 2328 1559 2354 Colles*.

604 2411 747 2446 Riidgerus
771 2422 824 2439 sac.
845 2416 873 2440 et
897 2414 980 2440 confr.
1000 2423 1024 2439 n.
1044 2414 1095 2444 ob.,
1116 2413 1163 2447 qui
1182 2414 1289 2447 legavit
1316 2414 1432 2441 ecclesie
1460 2414 1537 2440 beati
1562 2413 1678 2440 Candidi
1706 2413 1773 2438 duas
1792 2413 1888 2438 domus

605 2465 665 2481 curn
680 2456 799 2487 cellurio,
819 2457 892 2482 unde
906 2456 1003 2482 famuli
1023 2457 1073 2487 sui,
1090 2457 1221 2483 videlicet
1236 2456 1367 2484 Nicolaus
1387 2460 1415 2484 et
1428 2457 1588 2484 Heinzlinus
1607 2458 1635 2483 et
1655 2465 1747 2482 eorum
1766 2455 1887 2486 heredes,

605 2499 710 2525 dabunt
725 2499 856 2525 fratribus
871 2500 1045 2534 presentibus
1059 2500 1087 2526 in
1100 2500 1251 2526 sacerdotis
1265 2500 1407 2527 ordinibus
1421 2499 1580 2527 constitutis
1594 2499 1778 2529 oblacioneim
1799 2498 1888 2532 sepul·

607 2544 669 2568 tura
688 2542 738 2567 sub
757 2543 866 2576 capella
884 2543 962 2569 iuxta
981 2552 1088 2569 novam.
1103 2564 1108 2569 .
1123 2565 1128 2569 .

555 2584 671 2610 Domina
694 2585 834 2611 Dieluodis
857 2595 924 2612 uxor
947 2586 1053 2612 domini
1076 2585 1179 2620 Rffigeri
1202 2587 1300 2613 militis
1330 2587 1386 2617 ob.,
1414 2595 1467 2620 que
1493 2586 1570 2612 dedit
1592 2585 1707 2612 ecclesie
1729 2595 1749 2610 s.
1776 2583 1891 2610 Candidi

608 2628 676 2653 duas
695 2628 784 2654 curias
804 2628 832 2654 iu
846 2629 1058 2656 Nidersteinach
1079 2632 1107 2655 ct
1120 2629 1328 2661 Olim-steinach,
1348 2630 1419 2656 unde
1438 2629 1570 2656 fratribus
1584 2628 1758 2662 presentibus
1776 2626 1893 2652 solvitur

609 2671 730 2699 oblat-io,
754 2671 820 2697 item
844 2672 950 2705 legavit
970 2672 1145 2705 barrochyali
1164 2673 1279 2699 ecclesie
1298 2673 1365 2699 duos
1385 2682 1465 2706 agros
1484 2672 1534 2698 sub
1554 2673 1644 2698 castro
1663 2673 1691 2697 et
1711 2669 1892 2696 Chranzeleit.

359 2774 378 2804 ¹)
399 2772 507 2805 Leyavic
527 2774 605 2799 ctiam
625 2774 679 2800 (luo
698 2774 763 2800 (celza
781 2775 811 2800 in
834 2775 1012 2809 Tessenperch.
