2085 2999
468 144 574 171 LIBER
593 143 835 171 OBLATIONUM
853 143 1046 170 ECCLESIAE
1064 143 1215 170 MAIORIS
1234 143 1531 170 RATISBONENSIS.
1761 145 1823 175 247

234 241 282 267 XI.
294 240 351 266 kal.
394 239 436 265 22.
488 238 638 265 Mirkardis
645 239 665 271 ¹)
686 238 848 272 coquinaria
867 247 929 265 cum
946 238 1109 272 parentibus
1126 238 1182 264 suis
1195 237 1247 270 ob.⁷
1267 247 1291 264 V.
1304 246 1340 268 c.;
1360 238 1393 264 de
1407 238 1487 265 domo
1505 246 1555 264 sua
1574 236 1603 263 iu
1616 237 1664 264 der
1676 236 1752 264 Grub
1765 237 1781 264 2
1794 239 1824 264 ὕ).

243 284 276 310 X.
290 283 346 309 kal.
389 282 431 309 23.
485 282 552 309 Otto
572 281 645 315 pleb.
664 281 698 308 de
717 281 779 308 Salr
797 281 848 313 ob.¹
869 290 894 308 v.
913 290 948 313 e.;
967 281 1001 308 de
1020 281 1100 307 domo
1118 280 1244 307 Notzlini
1264 281 1277 308 1
1291 282 1320 308 u.

225 326 273 353 IX.
286 326 343 352 kal.
387 325 430 351 24.
484 324 649 351 Altmannus
676 333 755 358 ppos.
781 333 820 350 nr.
847 324 899 355 ob„
920 333 944 351 v.
963 333 1001 355 c.;
1028 324 1060 350 de
1088 324 1168 351 domo
1191 323 1345 356 Notzlini²)
1364 323 1416 356 6β,
1443 324 1471 350 et
1498 323 1634 357 plebanus
1661 322 1695 349 de
1724 321 1822 348 Mfind-

533 366 688 400 reichingss)
707 366 740 394 60
753 367 770 400 ᾧ
789 366 872 400 (dat).

235 410 269 438 V.
282 410 338 437 kal.
383 410 425 436 28.
478 409 552 442 Ch.¹³)
572 409 631 436 dee.
649 418 689 435 nr.
710 409 762 439 ob.⁷
781 418 807 435 v.
826 417 862 440 c.;
882 408 915 434 de
935 408 1041 435 Chamb
1062 409 1126 440 lu,
1146 408 1223 435 dedit
1242 408 1369 442 predium
1389 407 1418 434 in
1437 407 1574 441 Lyntach.

172 671 435 730 LIBER
480 668 1343 728 ANNIVERSARIORUM
1387 667 1822 726 FRATRUM

360 772 793 832 MINORUM
836 771 1639 831 RATISBONENSIUM.

277 897 450 946 Fratrum
472 913 639 945 Minorum
661 912 949 950 Ratisboncnsium‚
973 922 1105 952 quorum
1120 911 1342 943 monasterium
1361 911 1527 943 Conradus
1541 911 1699 951 episcopus
1715 909 1825 942 Ratis-

173 970 316 1003 bonensis
339 969 425 1001 circa
447 979 568 1000 annum
595 967 680 1000 1220
709 967 862 1006 condidit,
894 967 1102 1007 necrologium
1135 966 1234 998 medio
1263 977 1337 998 aevo
1365 966 1518 1006 scriptum
1546 966 1668 997 nullum
1696 965 1739 997 ad
1767 975 1824 997 nos

169 1025 330 1066 pervenit;
352 1025 498 1056 habemus
520 1025 644 1055 tantum
665 1023 956 1055 anniversariorum
979 1023 1103 1060 librum,
1127 1032 1216 1062 quem
1238 1032 1253 1053 e
1276 1022 1366 1053 libris
1378 1021 1540 1062 prioribus
1561 1023 1591 1052 et
1605 1031 1644 1054 ea:
1657 1021 1824 1062 epitaphiis

171 1081 207 1112 in
237 1080 422 1112 monasterio
450 1080 582 1120 repertis
607 1079 766 1111 Iohannes
792 1078 878 1116 Rab,
912 1078 1095 1109 monasterii
1117 1077 1332 1118 guardianus,
1366 1078 1450 1109 circa
1476 1086 1597 1108 annum
1630 1078 1714 1108 1460
1744 1086 1823 1107 com-

168 1136 291 1177 pilavit.
339 1136 401 1176 Qui
422 1136 501 1168 liber
522 1136 558 1167 in
573 1135 752 1166 membrana
767 1134 911 1174 scriptus,
937 1143 1022 1164 nunc
1038 1132 1232 1164 bibliothecae
1249 1133 1452 1164 Monacensis
1466 1132 1559 1164 codex
1575 1132 1715 1164 Latinus
1731 1132 1824 1170 1004,

171 1192 207 1223 in
236 1193 404 1232 tegumento
430 1191 586 1222 anteriore
617 1191 683 1222 eius
709 1190 772 1221 viri
798 1189 891 1221 verba
913 1189 1121 1228 pulcherrime
1144 1188 1296 1228 impressa
1318 1188 1438 1220 exhibet
1465 1188 1553 1220 haec:
1580 1188 1693 1220 Liber
1715 1188 1823 1219 anni-

172 1247 434 1279 versariorum
452 1248 692 1286 procuratus
713 1255 783 1286 per
806 1246 968 1283 fratrem
992 1244 1196 1276 Iohannem
1219 1243 1307 1282 Rab,
1328 1244 1558 1284 gardianum
1579 1243 1666 1276 Rat.
1682 1242 1824 1280 LXII„-

172 1302 295 1334 videtur
324 1302 423 1342 igitur
451 1302 567 1342 ligatus
593 1311 657 1333 esse
684 1311 714 1332 a.
739 1302 832 1332 1462.
883 1300 997 1338 Notae,
1025 1309 1104 1340 quas
1124 1300 1234 1341 prima
1264 1309 1363 1330 manu
1400 1300 1535 1339 scriptas
1563 1300 1713 1337 continet,
1742 1308 1823 1330 mere

171 1358 377 1398 necrologicae
406 1357 472 1389 dies
499 1358 622 1388 tantum
654 1356 792 1388 obituum
824 1356 977 1388 indicant.
1038 1356 1111 1387 Iam
1139 1358 1242 1386 tamen
1275 1355 1377 1386 altera
1411 1364 1525 1386 manus
1557 1355 1712 1394 aequalis,
1744 1363 1824 1394 quae

172 1414 267 1446 etiam
298 1413 417 1453 aliquot
443 1415 534 1444 notas
562 1423 582 1443 a
609 1411 740 1443 librario
764 1411 871 1451 priore
898 1412 1028 1443 omissas
1058 1411 1231 1450 inscripsit,
1262 1410 1422 1450 permulta
1447 1410 1671 1441 anniversaria
1698 1411 1725 1441 et
1751 1419 1824 1449 pro-

177 1469 308 1501 oemium
330 1467 461 1500 addidit.
506 1467 621 1499 Plures
642 1467 785 1507 deinceps
815 1467 942 1498 librarii
969 1466 1090 1498 saeculo
1112 1465 1187 1497 XV.
1214 1466 1322 1497 multis
1349 1465 1433 1496 notis
1463 1475 1574 1505 corpus
1598 1465 1642 1497 sic
1669 1465 1825 1496 conditum

173 1524 444 1564 amplificaverunt
469 1523 647 1555 nominibus
673 1532 791 1563 quoque
819 1522 998 1560 nonnullis,
1028 1531 1159 1561 quorum
1187 1521 1351 1560 scriptores
1370 1521 1496 1560 priores
1525 1521 1612 1552 obliti
1641 1522 1739 1558 erant,
1769 1520 1825 1551 ad-

173 1580 315 1621 scriptis;
352 1579 474 1611 saeculo
506 1579 638 1618 denique
668 1577 763 1610 XVI.
797 1587 893 1617 usque
923 1577 966 1608 ad
992 1588 1023 1608 a.
1052 1578 1137 1608 1532
1162 1578 1309 1608 notarum
1342 1585 1406 1607 non
1434 1576 1517 1608 nihil
1544 1576 1743 1607 subiunctum
1769 1577 1823 1607 est.

173 1635 293 1676 Restat,
327 1636 362 1666 ut
392 1634 428 1666 de
458 1634 651 1666 ornamentis
684 1633 901 1674 singularibus
930 1632 1062 1671 dicatur,
1095 1632 1209 1672 quibus
1237 1631 1330 1663 codem
1352 1633 1535 1672 conspicuus
1561 1634 1616 1670 est,
1639 1631 1734 1671 deque
1756 1631 1823 1662 eius

172 1690 348 1730 defectibus.
394 1690 437 1721 In
459 1689 654 1730 marginibus
676 1689 774 1729 igitur
802 1688 918 1720 multae
947 1689 1099 1728 imagines
1121 1688 1279 1727 multaque
1306 1689 1467 1719 stemmata
1495 1697 1614 1725 eorum,
1637 1697 1768 1727 quorum
1790 1687 1825 1717 in

172 1746 255 1777 notis
280 1745 394 1777 mentio
419 1746 472 1784 fit,
500 1745 622 1776 saeculo
644 1744 720 1776 XV.
750 1745 870 1784 partim
897 1743 1106 1783 pulcherrime
1133 1743 1356 1783 depinguntur.
1407 1743 1553 1775 Esectum
1580 1745 1624 1774 est
1646 1743 1680 1774 id
1698 1741 1824 1784 folium,

171 1802 208 1832 in
237 1811 297 1841 quo
318 1800 501 1832 Novembris
527 1800 593 1831 dies
616 1802 731 1833 1.-8.
755 1800 1008 1838 continebantur;
1038 1802 1129 1831 notae
1156 1799 1276 1838 aliquot
1305 1808 1413 1830 erasae
1440 1801 1530 1837 sunt7·
1558 1799 1714 1839 margines
1735 1807 1825 1837 saepe

173 1857 323 1888 abscisae.
372 1855 486 1888 Omnia
515 1856 578 1887 iam
608 1866 694 1887 anno
726 1856 810 1886 1868
835 1854 1055 1895 publicaverat
1083 1855 1133 1887 vir
1165 1854 1360 1886 clarissimus
1387 1854 1513 1886 Primbs
1540 1853 1826 1895 (Verhandlungen

175 1912 228 1943 des
250 1912 357 1944 histor.
378 1911 506 1943 Vereins
528 1921 587 1942 von
613 1911 784 1952 Oberpfalz
805 1910 872 1942 und
897 1910 1097 1951 Regensburg
1118 1909 1231 1947 XXV,
1255 1910 1466 1950 193—360),
1496 1910 1550 1941 sed
1577 1909 1677 1941 multa
1705 1909 1824 1940 addens

172 1967 208 1999 de
231 1977 298 2000 suo.
342 1967 409 1998 Nos
431 1967 567 1998 duarum
583 1967 730 2006 priorum
745 1976 895 1998 manuum
911 1967 1003 1998 notas
1026 1966 1126 1997 literis
1141 1965 1323 2004 minoribus,
1347 1966 1596 1996 continuationes
1616 1964 1732 1996 saeculi
1747 1964 1823 1996 XV.

173 2023 274 2054 literis
296 2022 478 2060 minoribus,
501 2021 555 2053 sed
576 2022 667 2053 uncis
689 2022 821 2053 inclusis
843 2021 994 2053 sistimus
1028 2022 1207 2054 Asteriscus
1229 2022 1401 2060 stemmata,
1425 2021 1485 2052 duo
1507 2020 1649 2052 asterisci
1664 2021 1825 2060 imagines,

174 2080 236 2110 tres
258 2079 421 2109 stemmata
443 2087 510 2108 una
536 2087 604 2109 cum
633 2077 823 2117 imaginibus
845 2077 994 2108 denotant
1017 2077 1052 2108 in
1074 2077 1175 2108 codice
1197 2076 1315 2108 adesse.

277 2222 320 2247 Ad
340 2221 451 2248 laudem
471 2223 499 2247 et
518 2221 705 2247 reverenciam
724 2221 924 2255 omnipotentis
943 2221 1000 2253 dei,
1027 2221 1109 2248 beate
1128 2221 1215 2248 Marie
1235 2220 1365 2255 virginis,
1386 2220 1475 2246 sancti
1494 2219 1633 2246 Francisci
1653 2222 1681 2246 et
1700 2219 1823 2246 omnium

175 2267 334 2291 sanctorum
353 2273 385 2291 ae
405 2264 527 2291 omnium
546 2264 669 2290 fidelium
683 2264 875 2290 defunctorum
893 2265 922 2291 et
941 2263 1072 2298 precipue
1092 2263 1121 2290 in
1140 2264 1192 2290 hoc
1211 2264 1272 2290 loco
1291 2263 1463 2297 sepultorum
1482 2265 1567 2296 atque
1586 2272 1687 2294 eorum,
1708 2271 1823 2295 quorum

172 2307 362 2334 anniversaria
380 2309 409 2334 et
427 2307 557 2333 memorie
576 2306 604 2332 in
624 2307 676 2333 hoc
696 2306 769 2333 libro
789 2307 980 2338 continentur,
1004 2307 1107 2340 quique
1136 2307 1227 2333 locum
1255 2315 1304 2340 pro
1323 2306 1369 2333 dei
1388 2306 1469 2333 laude
1488 2315 1521 2333 ac
1539 2314 1650 2332 suarum
1669 2305 1823 2332 animarum

178 2351 269 2378 salute
288 2350 404 2378 edificiis
424 2353 452 2377 et
471 2350 640 2377 ornamentis
666 2350 866 2377 decoraverunt
890 2351 919 2377 et
944 2350 1101 2377 elemosinis
1127 2349 1183 2376 suis
1201 2350 1301 2376 fratres
1320 2351 1529 2383 promoverunt,
1557 2358 1608 2383 ego
1632 2349 1663 2374 fr.
1688 2349 1823 2375 Iohannes

172 2394 246 2426 Rab,
264 2393 435 2428 guardianus
456 2394 573 2420 fratrum
598 2396 626 2420 et
645 2395 795 2420 conventus
814 2393 918 2420 ordinis
937 2393 1074 2419 Minorum
1093 2393 1121 2419 in
1140 2393 1307 2427 Ratispona,
1333 2393 1407 2418 hune
1428 2392 1531 2418 librum
1553 2392 1745 2418 defunctorum
1765 2391 1822 2417 sive

175 2436 329 2463 animarum
349 2436 497 2470 procuravi
516 2445 549 2463 ex
568 2436 694 2470 pluribus
714 2436 792 2462 libris
810 2439 880 2470 aput
898 2445 948 2462 nos
967 2436 1113 2466 contentis.
1132 2445 1165 2463 ex
1185 2436 1267 2462 certis
1287 2444 1396 2469 quoque
1415 2435 1501 2469 signis
1520 2437 1549 2462 et
1567 2434 1710 2468 epitaphis
1729 2434 1775 2460 hic
1794 2434 1823 2460 in

174 2480 234 2506 loco
259 2480 377 2514 repertis
403 2481 487 2513 atque
513 2479 615 2506 nostris
639 2479 842 2506 successoribus
864 2479 1019 2512 relinquere
1039 2479 1128 2510 volui,
1157 2479 1307 2506 exhortans
1332 2478 1442 2505 eosdem
1466 2480 1551 2511 atque
1571 2486 1664 2503 omnes
1687 2477 1768 2508 alios,
1788 2477 1823 2503 ad

174 2530 290 2555 quorum
309 2531 407 2548 manus
426 2524 454 2548 et
473 2524 651 2555 conspectum
671 2521 716 2547 hic
737 2521 807 2548 liber
826 2522 971 2556 pervenire
991 2522 1103 2556 poterit,
1123 2522 1151 2548 in
1171 2522 1320 2548 visceribus
1340 2521 1420 2548 Ihesu
1440 2520 1556 2551 Christi,
1577 2529 1610 2547 ne
1629 2521 1702 2546 hune
1722 2520 1822 2545 librum

177 2564 348 2596 distrahant,
371 2565 494 2591 alienent
518 2566 568 2591 aut
587 2564 699 2591 deleant
724 2565 767 2591 vel
787 2565 943 2596 destruant,
966 2574 999 2591 ne
1024 2565 1078 2598 ipsi
1100 2567 1128 2592 et
1147 2565 1258 2591 nomina
1281 2573 1374 2592 eorum
1393 2564 1539 2591 deleantur
1558 2564 1591 2590 de
1610 2563 1681 2590 libro
1702 2563 1758 2589 vite
1779 2563 1822 2589 vel

275 2713 298 2744 ³)
317 2712 355 2738 B:
374 2711 570 2745 Mfindreching.
676 2712 700 2745 b)
722 2712 754 2737 C:
774 2713 934 2738 Chuuradus.

280 2764 298 2795 ¹)
319 2763 356 2788 In
371 2763 397 2788 Β
415 2771 513 2789 manus
523 2763 606 2796 paulo
618 2764 745 2789 recentior
763 2763 812 2789 hoc
830 2771 925 2789 nomen
943 2764 972 2789 in
988 2763 1121 2797 Margiret
1133 2763 1252 2789 mutarit.
1342 2764 1362 2794 ²)
1383 2762 1422 2788 B:
1441 2762 1474 2789 de
1493 2762 1573 2788 domo
1593 2761 1623 2787 in
1642 2761 1725 2788 Porta
1746 2761 1820 2788 Feui.
