2085 2999
374 159 485 186 LIBER
504 156 863 184 ANNIVERSARIORUM
882 154 1059 181 FRATRUM
1078 152 1255 179 MINORUM
1274 151 1604 178 RATISBONENSIUM.
1753 153 1813 182 257

221 255 269 281 VI.
283 254 320 281 id.
399 254 423 280 8.
478 252 561 283 Nota,
581 251 785 278 anniversarius
804 250 929 276 Elisabet
948 248 1086 276 Strewnin
1106 248 1263 274 celebratur
1281 247 1331 273 sub
1350 255 1430 280 pena.

218 298 266 324 III.
280 297 318 324 id.
383 297 447 328 11.²)

237 341 272 367 II.
285 340 322 367 id.
385 340 426 367 10.
478 336 690 364 Annivm-sarius
708 335 846 369 Dyepoldi
867 334 1017 365 Frumolcz,
1037 342 1054 360 a
1072 341 1126 367 quo
1145 333 1244 359 fratres
1262 333 1427 365 receperunt
1446 332 1547 357 bonam
1566 331 1753 358 elemosinam.

280 383 318 409 id.
381 383 422 409 13.
474 379 686 407 Anniversarius
710 378 821 405 domine
841 379 930 408 leute,
961 377 1068 404 ducisse
1087 376 1222 402 Bawarie.
1260 376 1330 402 Item
1359 374 1564 401 anniversarius
1592 374 1680 400 Ulriei
1708 374 1740 400 de
1761 373 1816 400 Ror

525 423 689 450 celebratur.

166 469 268 495 XVIII.
282 468 339 495 kal.
385 468 425 494 14.
480 466 641 493 Celebretur
659 464 864 491 anniversarius
889 463 1007 490 Conradi
1026 462 1252 496 Wildenperger‚
1276 461 1360 487 Kath.
1383 460 1476 487 uxoris
1499 460 1549 486 sub
1572 468 1645 494 pena
1664 459 1735 486 infra
1755 461 1818 486 octo

525 508 638 536 dierum.
676 508 755 542 [1467
775 508 818 533 ob.
838 507 869 533 fr.
888 507 1000 532 Ulricus
1021 506 1157 539 Swertfeg
1175 505 1208 531 de
1223 504 1394 538 Babenberg,
1415 504 1552 530 confessor
1565 505 1594 530 et
1612 503 1771 537 predicator
1789 504 1819 529 et

528 551 705 579 terminarius
724 550 821 576 multis
840 549 936 582 annis]

193 597 267 623 XVI.
281 596 337 623 kal.
384 595 424 622 16.
477 595 559 626 Nota,
579 593 782 621 anniversarius
802 592 918 619 Fridrici
937 591 1051 622 Polster,
1072 591 1163 624 Kung.
1182 590 1274 616 uxoris
1288 590 1445 616 celebratur
1463 590 1513 615 sub
1532 598 1604 623 pena
1623 591 1685 615 octo
1705 589 1818 615 dies...

209 639 266 665 XV.
280 639 335 665 kal.
384 639 423 665 17.
477 637 546 664 Octo
565 637 623 664 dies
642 638 707 663 ante
727 636 771 662 vel
790 637 854 669 post
866 634 1009 669 Lamperti
1022 634 1179 661 celebratur
1191 632 1397 659 anniversarius
1411 632 1514 659 domini
1528 632 1631 658 Antoni
1645 632 1821 658 Kamerawer

532 680 660 707 canonici
676 679 789 706 maioris
809 678 933 705 ecclesie.

221 725 268 751 IX.
281 724 336 751 kal.
382 724 424 751 23.
477 723 560 755 Nota,
580 722 784 749 anniversarius
803 721 881 748 Petri
901 721 967 747 Gols
985 720 1035 746 auf
1050 720 1112 746 dem
1132 719 1228 746 Stadel
1247 718 1406 745 celebratur
1432 720 1497 745 octo
1520 718 1579 745 dies
1602 720 1667 744 ante
1692 718 1736 745 vel
1756 720 1821 752 post

529 765 705 792 Emmerami.
742 764 954 791 Anniversarius
979 763 1091 790 Ottonis
1117 762 1294 792 Messersmit,
1314 761 1395 788 Irmel
1415 761 1507 787 uxoris
1526 770 1572 788 sue
1593 761 1750 787 celebratur
1769 760 1820 786 sub

529 817 610 843 pena,
630 808 676 834 hic
695 808 875 842 sepultorum.

195 853 268 878 VIII.
282 852 338 879 kal.
383 853 425 878 24.
480 851 530 878 Ob.
549 851 675 878 dominns
694 851 762 877 Otto
781 851 906 881 Messr'ar,
924 849 970 875 hic
990 848 1124 882 sepultus,
1143 856 1215 874 anno
1234 847 1337 874 domini
1359 848 1448 875 13:372*

209 896 270 922 VII.
284 896 340 922 kal.
384 896 425 922 25.
479 894 692 921 Anniversarius
706 893 811 920 domini
823 892 937 927 Georgii
950 892 983 919 de
997 893 1056 922 Aw,
1075 891 1186 925 Sygaun
1201 891 1293 917 uxoris
1307 891 1462 917 celebretur
1482 893 1511 917 et
1530 890 1668 916 habeatur
1680 889 1822 921 memoria,

529 946 600 964 anno
621 937 695 964 1383.
733 936 782 963 Ob.
802 936 834 962 fr.
855 935 962 962 Conrad
982 934 1158 961 Maurhoffer.

222 981 268 1008 VI.
281 981 337 1007 kal.
382 981 447 1013 262)

223 1024 269 1050 IV.
282 1024 339 1051 kal.
383 1024 424 1050 28.
479 1023 606 1050 Officium
625 1023 778 1056 sollempne
798 1031 847 1056 pro
861 1021 1000 1048 defunctis
1013 1021 1147 1047 fratribus
1160 1022 1189 1047 et
1203 1019 1426 1047 benefactoribus
1445 1021 1473 1046 et
1487 1019 1626 1046 sororibus
1645 1022 1673 1046 et
1687 1019 1821 1046 omnibus.

533 1066 746 1092 Anniversarius
766 1065 870 1092 domini
889 1065 1007 1091 Erhardi
1027 1064 1204 1098 Satelpoger‚
1232 1063 1359 1090 canonici
1385 1063 1498 1089 maioris
1518 1063 1645 1095 ecclesie,
1666 1062 1824 1089 celebratur

534 1110 584 1136 sub
604 1110 732 1144 pena.***

222 1154 270 1180 III.
284 1153 339 1180 kal.
384 1154 425 1180 29.
478 1152 690 1180 Anniversarius
708 1151 817 1178 Alberti
836 1150 1014 1178 Witelkoffer
1032 1150 1189 1177 celebratur
1207 1149 1257 1176 sub
1276 1158 1379 1183 magna
1397 1158 1477 1183 pena.

235 1197 270 1223 ΙΙ,
284 1197 339 1223 kal.
385 1196 425 1223 30.
480 1195 701 1229 [Anniversarius
719 1194 821 1221 nobilis
840 1194 893 1220 viri
913 1194 994 1221 Peter
1014 1193 1199 1223 Piskenseer&
1219 1192 1376 1219 celebratur
1395 1194 1461 1218 ante
1481 1192 1580 1218 festum
1600 1191 1746 1218 Michaelis
1760 1193 1824 1218 octo

532 1239 590 1265 dies
618 1240 683 1265 ante
712 1238 755 1264 vel
779 1239 844 1271 post
867 1237 895 1263 in
918 1236 1019 1262 Sancto
1042 1236 1159 1270 Magno,
1186 1235 1234 1262 ubi
1262 1235 1388 1261 dominus
1414 1234 1571 1268 prepositus
1601 1234 1687 1260 habet
1714 1233 1824 1268 signare

532 1282 665 1316 gurdiano
686 1281 729 1306 vel
748 1280 892 1307 Fratribus
911 1279 1073 1310 Minoribus,
1092 1278 1140 1305 ubi
1153 1278 1305 1312 gardianus
1318 1278 1404 1304 habet
1423 1277 1534 1304 mittere
1553 1286 1631 1303 suum
1651 1277 1824 1304 sacerdotem

533 1325 721 1351 celebrantem
740 1324 844 1349 ibidem
863 1322 1010 1354 dominica,
1030 1323 1058 1349 et
1077 1322 1150 1348 idem
1169 1321 1288 1355 recipiat
1306 1322 1426 1354 quatuor
1445 1329 1555 1355 grossus
1573 1319 1651 1353 (sic).]

881 1436 1118 1473 OCTOBER.

240 1504 273 1531 V.
286 1512 348 1531 non.
402 1504 426 1530 3.
480 1503 563 1536 Nota,
582 1503 789 1530 anniversarius
815 1502 930 1529 Martini
955 1502 1056 1529 Rieder
1078 1501 1228 1532 institoris,
1256 1501 1382 1528 Elisabet
1405 1500 1497 1527 uxoris
1526 1503 1554 1527 et
1581 1501 1675 1527 fratris
1701 1501 1748 1527 Ch.
1775 1501 1826 1527 filii

533 1546 583 1577 sui,
603 1546 761 1573 celebratur
779 1546 829 1572 suh
849 1554 921 1579 pena
941 1545 979 1579 [et
997 1545 1091 1571 fratris
1112 1545 1170 1571 eius
1189 1544 1290 1575 Georii,
1311 1544 1357 1570 hic
1377 1544 1572 1578 sepultorum}

229 1590 275 1616 IV.
290 1599 351 1617 non.
405 1590 430 1616 4.
483 1590 694 1616 Anniversarius
713 1588 816 1615 domini
838 1589 924 1615 Ulrici
945 1588 1075 1615 Wollarii
1089 1588 1252 1615 celebratur.
1291 1587 1527 1621 <Anniversarius)
1549 1588 1626 1613 Anne
1646 1587 1826 1621 Hertingerin

532 1633 583 1659 sub
603 1641 675 1666 pena
694 1632 859 1658 celebratur.
896 1631 1108 1658 Anniversarius
1126 1631 1225 1658 sororis
1238 1631 1364 1657 Elisabet
1380 1630 1526 1656 Paulsarin
1546 1630 1711 1656 celebratur.
1742 1630 1826 1661 Nota,

534 1675 762 1709 (anniversarius)
784 1674 908 1701 Hainrici
928 1675 1051 1709 &Vagner
1070 1683 1122 1700 von
1142 1674 1228 1700 osten
1248 1674 1406 1700 celebratur
1425 1673 1475 1699 sub
1495 1682 1576 1707 pena.

225 1719 273 1746 III.
287 1727 350 1745 non.
404 1720 428 1745 5.
484 1718 549 1744 1312
568 1718 662 1744 obitus
681 1718 785 1744 domiui
804 1717 955 1744 Hermanni
976 1717 1073 1748 Hofer,
1099 1717 1145 1743 hic
1169 1717 1274 1750 sepulti
1297 1726 1359 1743 eum
1383 1716 1570 1750 parentibus*
1608 1716 1678 1743 Item
1697 1716 1826 1743 dominus

536 1761 670 1795 Georgius
690 1761 780 1792 Hofer,
800 1760 846 1787 hie
865 1761 998 1794 sepultus.
1036 1761 1107 1786 Item
1126 1760 1211 1786 frater
1229 1759 1404 1786 Hei-mannus
1423 1759 1515 1789 Hofer,
1535 1759 1562 1784 in
1582 1759 1672 1785 Berno
1691 1759 1826 1793 sepultus

287 1813 350 1831 non.
407 1805 430 1830 7.
483 1804 567 1837 Nota,
587 1804 790 1830 anniversarius
810 1804 898 1838 Kung.
918 1803 1093 1830 Schreiberin
1112 1805 1140 1829 et
1159 1803 1209 1828 filii
1228 1803 1282 1833 sui,
1309 1803 1404 1829 fratris
1423 1803 1553 1828 Iohannis
1572 1802 1736 1836 Scriptoris,
1756 1803 1827 1829 cele-

534 1847 632 1873 bratur
650 1847 700 1873 sub
721 1856 800 1880 pena.
838 1847 909 1873 Item
929 1846 1157 1880 (anniversarius)
1179 1846 1262 1880 Haug
1281 1846 1402 1872 Kursner
1421 1848 1449 1872 et
1468 1845 1558 1871 uxoris
1579 1845 1744 1872 celebratur.

232 1889 279 1916 VI.
293 1889 330 1916 id.
394 1889 433 1916 10.
488 1890 553 1916 1419
573 1890 615 1916 ob.
636 1889 802 1916 venerabilis
821 1891 908 1923 pater,
928 1890 960 1915 fr.
980 1889 1112 1916 Albertus
1131 1889 1272 1921 Wuusam,
1292 1888 1442 1923 garelianus
1461 1888 1543 1914 huius
1562 1889 1713 1914 conventus
1731 1887 1828 1913 multis

537 1941 624 1958 annis.

244 1976 276 2002 V.
290 1976 326 2003 id.
390 1976 430 2002 11.
483 1975 696 2002 Anniversarius
715 1975 826 2002 domine
844 1975 963 2009 Agnetis
982 1975 1015 2001 de
1035 1974 1212 2006 Paulstorff*‚
1232 1974 1277 2000 hic
1296 1975 1418 2008 sepulte.
1443 1973 1585 1999 fundatrix
1605 1973 1712 2007 capelle
1732 1972 1827 1998 Pauls—

537 2019 629 2045 torfer.
667 2019 737 2045 Item
756 2018 959 2044 anniversarius
978 2017 1125 2044 Merkelini
1145 2017 1270 2049 Saxonis,
1290 2017 1338 2050 qui
1358 2017 1459 2043 habuit
1478 2025 1597 2043 sororem
1616 2016 1711 2042 fratris
1732 2015 1829 2042 Perch-

537 2061 616 2092 toldi,
636 2061 731 2096 magni
751 2061 942 2095 predicatoris,
962 2070 1035 2087 anno
1055 2060 1159 2087 domini
1180 2060 1253 2087 1282.

232 2104 278 2130 IV.
292 2104 329 2131 id.
395 2104 433 2130 12.
488 2104 702 2130 Anniversarius
721 2104 820 2130 sororis
839 2104 927 2138 Marg.
948 2103 1091 2130 Paulserin
1111 2103 1276 2130 celebratur.

228 2148 253 2173 II
261 2148 280 2174 I.
294 2147 330 2174 id.
395 2147 434 2175 13.
490 2149 556 2174 1444
575 2148 618 2174 ob.
637 2148 669 2174 fr.
688 2147 799 2174 Ulricus
819 2148 930 2174 Stahler
949 2156 1004 2173 sac.
1024 2150 1052 2174 et
1071 2147 1196 2173 sacrista.

246 2191 280 2217 II.
293 2190 330 2217 id.
395 2192 434 2218 14.
488 2191 699 2217 Anniversarius
718 2190 822 2217 domini
842 2190 961 2216 Conradi
981 2190 1155 2221 Paulsar***‚
1183 2189 1316 2216 Gerhaws
1340 2189 1432 2216 uxoris
1441 2189 1469 2203 *³*
1496 2188 1653 2215 celebratur
1679 2187 1729 2213 sub
1748 2195 1829 2220 pena,

538 2242 602 2260 nam
622 2236 776 2260 conventus
795 2234 882 2260 habet
901 2234 934 2260 30
947 2234 963 2266 ιδ
981 2233 1015 2260 de
1034 2233 1137 2260 Sancta
1157 2233 1239 2259 Clara
1258 2235 1406 2266 perpetue,
1431 2240 1499 2265 quos
1524 2231 1647 2265 recipere
1674 2230 1781 2257 habent
1801 2230 1829 2256 in

537 2276 724 2310 Haimpuech,
744 2285 816 2302 anno
836 2276 939 2302 domini
960 2276 1033 2306 1349,
1061 2276 1109 2309 qui
1136 2284 1232 2302 census
1256 2275 1338 2302 datus
1357 2278 1400 2302 est
1418 2284 1489 2301 anno
1509 2274 1613 2301 domini
1635 2274 1708 2299 1468.
1745 2273 1829 2299 Auni-

539 2319 676 2345 vei-sarius
694 2319 835 2346 reverendi
858 2319 961 2353 patris,
988 2319 1082 2346 fratris
1102 2319 1210 2346 Andree
1233 2319 1267 2345 de
1290 2318 1390 2352 Oting,
1418 2317 1558 2351 quondam
1583 2318 1676 2343 custos
1694 2315 1830 2347 Bawarie‚

539 2362 644 2396 pluries
658 2362 745 2388 lector
758 2362 787 2388 in
801 2362 955 2396 Argentina
971 2362 1023 2396 (et)
1038 2362 1065 2388 in
1080 2362 1244 2395 Ratispona,
1259 2361 1354 2387 valens
1367 2361 1534 2395 predicator,
1548 2368 1621 2386 anno
1635 2359 1739 2386 domini
1756 2359 1830 2385 1420.

293 2404 330 2431 id.
395 2406 434 2431 15.
489 2405 702 2432 Annivm-sarius
728 2405 845 2432 Dietrici
873 2407 901 2432 et
920 2405 1070 2439 Dyemudis
1093 2405 1186 2431 uxoris
1209 2405 1367 2431 celebratur
1393 2406 1421 2430 et
1449 2403 1580 2429 Iohannis
1610 2402 1675 2429 Coei
1703 2402 1731 2428 in
1760 2402 1830 2435 pede

538 2448 632 2482 pontis
651 2457 723 2474 anno
742 2448 846 2474 domiui
866 2449 940 2474 1409.

195 2489 282 2516 XVII.
296 2490 352 2517 kal.
399 2492 439 2518 16.
494 2490 544 2517 Ob.
563 2491 691 2517 dominus
705 2491 855 2518 Bernoldus
867 2491 1014 2522 Nozel***‚
1033 2491 1079 2517 hic
1097 2491 1232 2525 sepultus,
1251 2499 1323 2516 anno
1342 2489 1447 2516 domini
1469 2489 1543 2520 1:336,
1563 2497 1635 2514 anno
1650 2497 1713 2514 vero
1727 2487 1830 2514 domini

542 2534 607 2560 1339
626 2534 654 2560 in
674 2534 718 2561 die
737 2544 757 2560 s.
777 2534 856 2561 Clare
875 2534 918 2560 ob.
937 2535 1030 2568 Agnes
1048 2543 1116 2560 uxor
1134 2534 1227 2565 sua**‚
1247 2533 1292 2560 hic
1310 2533 1428 2566 sepulta.

287 2696 306 2728 ¹)
324 2696 441 2722 Nomina
460 2696 502 2722 hic
519 2696 680 2728 emciderzmt,
700 2697 730 2722 in
748 2698 867 2731 maryine
890 2700 978 2722 autem
996 2697 1113 2723 videmus
1131 2697 1262 2730 imagines
1280 2697 1330 2722 viri
1354 2699 1378 2722 et
1397 2695 1516 2721 mulieris
1540 2703 1600 2721 cum
1619 2695 1723 2721 duobus
1742 2695 1832 2727 armis,

181 2746 249 2771 quae
268 2738 367 2772 docem,
386 2739 472 2765 virum
489 2740 574 2772 yemis
597 2740 704 2766 Graner
721 2743 745 2766 et
763 2741 896 2766 mulierem
913 2740 1002 2774 yemis
1015 2740 1161 2773 Enyelmar
1180 2740 1296 2766 civitatis
1315 2739 1519 2772 Ratisponensis
1537 2738 1628 2770 fuisse.
1736 2740 1755 2771 ²)
1777 2737 1832 2764 Hie

183 2783 247 2807 nota
265 2781 444 2815 desideratur,
463 2782 493 2807 in
511 2783 631 2816 margine
651 2783 705 2809 duo
724 2791 800 2808 arma
818 2786 889 2816 sunt,
909 2791 977 2816 quae
994 2783 1079 2809 'nescio
1099 2783 1176 2809 cuius
1192 2783 1278 2816 flentis
1296 2782 1407 2815 fuerint.

286 2834 364 2859 NECR.
378 2835 455 2859 Bmx.
469 2835 541 2859 Fms.
554 2836 619 2860 RAT.
