2085 2999
239 255 273 280 ΙΙ.
286 253 342 279 kal.
387 252 428 278 28.

242 469 272 494 V.
286 477 348 495 non.
403 467 426 493 3.

229 512 274 538 IV.
289 520 350 538 non.
404 512 427 537 4.

241 608 275 633 ΙΙ.
289 615 351 633 non.
405 607 429 632 6.

285 666 347 684 non.
402 658 424 684 7.

215 919 275 945 VII.
290 919 326 945 id.

241 971 274 997 V.
288 971 324 997 id.

232 1196 275 1221 IV.
290 1195 326 1222 id.

288 1498 323 1524 id.

189 1670 274 1695 XVII.
291 1670 346 1697 kal.

201 1755 273 1782 XVI.
287 1757 342 1783 kal.

216 1843 275 1869 XV.
290 1844 344 1869 kal.

201 1887 272 1912 XIV.
287 1887 344 1913 kal.

204 1930 276 1956 XIII.
288 1930 343 1956 kal.

228 2232 264 2258 XI
289 2232 343 2258 kal.

229 2361 273 2386 lX.
286 2361 341 2388 kal.

204 2447 277 2473 VIII.
290 2447 346 2474 kal.

216 2490 276 2516 VII.
290 2491 346 2517 kal.

230 2576 275 2602 VI.
290 2576 345 2602 kal.

248 2619 280 2645 V.
293 2619 348 2645 kal.

406 921 431 947 9.

388 973 427 998 11.

391 1197 430 1223 12.

388 1500 426 1524 15.

393 1672 432 1698 16.

390 1758 428 1784 17.

393 1844 432 1870 18.

391 1888 429 1914 19.

388 1931 429 1957 20.

389 2232 431 2258 22.

386 2362 428 2387 24.

390 2448 432 2474 25.

392 2491 433 2517 26.

390 2577 432 2603 27.

394 2620 434 2646 28.

693 155 801 181 LIBER
820 155 1061 182 OBLATIONUM
1081 155 1291 181 INTICENSIS.
1777 158 1814 187 15

481 251 612 278 Dominus
638 241 747 277 &Irieus
773 259 832 276 can.
853 250 935 276 huius
961 250 1076 278 ecclesie
1104 251 1155 281 ob„
1183 251 1231 284 qui
1250 250 1357 285 legavit
1379 249 1511 276 fratribus
1539 249 1713 284 presentibus
1741 250 1815 277 obla-

531 294 646 325 cionem‚
666 293 739 320 sicut
757 293 786 320 in
806 293 954 328 privilegio
974 293 1079 320 domini
1098 294 1140 320 Fr.
1160 293 1229 320 dicti
1249 293 1420 320 Ozziacharii
1439 294 1605 321 continetur.

884 400 1109 436 MARTIUS.

482 467 686 494 Werenhardus
705 476 760 493 sac.
779 468 810 493 fr.
830 467 911 493 huius
930 466 1045 493 ecclesie
1065 467 1117 498 ob„
1136 466 1184 499 qui
1203 466 1280 492 dedit
1300 468 1410 500 pratum
1430 467 1457 492 in
1477 466 1644 493 Vischelein.

481 509 625 544 Rfidgerus
650 510 740 536 dictus
765 510 880 544 Choppo
908 519 966 536 cau.
986 509 1068 536 huius
1087 509 1202 536 ecclesie
1227 510 1282 540 ob.,
1308 509 1355 543 qui
1380 509 1458 536 dedit
1480 510 1589 536 domum
1610 511 1638 535 et
1657 518 1735 536 areas
1753 518 1816 535 suas

531 562 593 579 cum
611 553 699 587 pratis
718 554 747 579 et
765 553 839 587 agris
859 553 931 579 circa
951 553 1046 579 villam
1065 552 1133 579 sitas
1152 553 1187 578 ad
1206 552 1378 580 oblacionem
1398 553 1529 579 fratribus
1549 552 1730 586 presentibus.

482 604 608 631 Alheidis
627 605 679 636 ob„
699 615 751 638 que
771 605 847 632 dedit
866 614 971 639 agrum,
992 605 1038 639 qui
1058 605 1162 631 dicitur
1181 605 1340 632 Talacher*.

478 657 573 684 Alheit
592 657 646 688 ob.‚
672 666 725 691 que
744 657 821 684 dedit
839 659 960 692 agrum&
997 657 1140 691 [Dominus
1163 657 1260 684 Petrus
1286 657 1319 684 de
1342 657 1399 683 Hos
1424 666 1482 683 can.
1503 657 1583 683 huius
1607 656 1660 683 1001
1685 657 1740 689 01).,
1769 656 1816 690 qui

530 699 638 735 legavit
651 709 734 726 uuum
748 701 875 733 quartale
894 701 928 726 ad
942 701 1034 734 fruges
1047 701 1129 727 beate
1145 700 1310 735 (Katerine).
1339 699 1485 727 *Dominus
1505 699 1650 726 Heinricus
1670 700 1703 726 de
1722 699 1816 726 Monte

531 743 588 770 dec.
606 743 689 769 buius
713 743 766 770 loci
790 744 846 774 ob.‚
875 743 922 777 qui
950 743 1058 777 legavit
1084 743 1150 769 huic
1175 743 1290 770 ecclesie
1316 745 1344 769 et
1366 743 1490 777 capitulo
1511 743 1620 769 domum
1640 751 1701 768 cum
1722 742 1816 768 cellari

532 786 611 813 iuxta
631 786 828 813 monasterium
848 795 909 812 cum
928 786 1053 813 omnibus
1076 786 1132 813 suis
1151 786 1324 817 attinentiis,
1354 787 1385 812 de
1413 795 1468 820 qua
1491 786 1570 812 domo
1594 785 1711 819 singulis
1738 785 1818 811 annis

533 830 634 857 dantur
652 830 705 856 due
722 829 815 864 galet-e
833 830 894 863 oley
908 829 943 856 ad
956 830 1049 856 lumen
1062 829 1139 857 beati
1152 829 1281 860 Candidi;
1302 829 1473 856 oblacionem
1489 838 1571 863 super
1584 829 1660 855 curia
1674 828 1819 855 Ladsteter

532 873 560 899 in
580 873 663 899 Sexto
682 872 815 899 fratribus
835 873 1027 906 presentibus]

486 920 627 954 [Dominus
646 920 780 947 Geroldus
798 920 889 946 iunior
906 929 966 946 can.
986 920 1068 946 huius
1087 920 1201 947 ecclesie
1221 920 1273 953 ob.]

482 972 661 998 Berthtoldus
680 974 772 998 custos
790 972 846 1001 ob..
871 972 918 1005 qui
939 972 1057 998 tradidit
1076 982 1094 998 s.
1115 972 1237 998 Candido
1257 973 1285 998 et
1303 971 1434 998 fratribus
1454 971 1492 998 ibi
1512 970 1694 998 servientibus
1714 970 1818 997 curiam

532 1015 560 1040 iu
574 1015 656 1041 Sexto
676 1015 791 1048 Troyeu,
811 1015 882 1042 unde
901 1015 1010 1042 obl-acio
1025 1015 1191 1049 persolvitur
1211 1024 1271 1041 cum
1290 1015 1392 1049 lagena
1404 1014 1462 1040 vini
1481 1016 1510 1041 et
1526 1014 1643 1044 fabacio,
1664 1014 1725 1047 [que
1744 1013 1818 1039 vide-

533 1057 599 1084 licet
629 1057 738 1084 oblacio
766 1066 815 1092 per
846 1058 1040 1084 Berchtoldum
1068 1067 1249 1092 possessorem
1279 1057 1401 1084 eiusdem
1426 1057 1500 1083 curie
1531 1057 1570 1083 sie
1598 1059 1639 1083 est
1665 1056 1818 1088 meliorata,

531 1101 604 1134 quod
624 1110 673 1135 pro
692 1101 793 1135 lagena
818 1101 875 1127 viui
899 1101 1014 1128 cuilibet
1039 1101 1178 1135 prebende
1205 1100 1288 1127 datur
1315 1109 1370 1126 una
1398 1100 1536 1126 schencha
1564 1099 1621 1126 vini
1649 1101 1677 1126 et
1704 1099 1819 1126 cuilibet

531 1144 670 1178 prebende
691 1145 743 1170 duo
764 1153 848 1178 panes
870 1145 929 1171 loco
947 1144 1059 1175 fab-acii,
1080 1146 1107 1170 et
1126 1145 1177 1171 hoc
1196 1146 1238 1171 est
1256 1144 1291 1170 ad
1311 1153 1404 1170 omnes
1423 1143 1594 1177 prebendas]

483 1196 617 1222 Dominus
635 1196 819 1229 Marquardus
839 1196 895 1222 dec.
915 1198 943 1222 et
968 1196 1040 1230 pleb.
1061 1196 1142 1222 huius
1170 1196 1224 1222 loci
1243 1196 1299 1225 ob.,
1328 1195 1376 1229 qui
1404 1194 1510 1229 legavit
1529 1194 1644 1220 ecclesie
1663 1204 1682 1221 5.
1702 1194 1818 1220 Candidi

533 1239 643 1265 domum
664 1248 741 1265 suain
761 1241 789 1265 et
809 1241 921 1265 centurn
941 1241 969 1266 u».
988 1239 1103 1271 Veron.,
1131 1248 1180 1273 pro
1203 1238 1303 1272 quibus
1328 1239 1402 1265 1011„
1421 1237 1545 1264 redditus
1570 1237 1623 1264 emi
1651 1237 1761 1268 debent,
1785 1238 1818 1265 de

531 1283 632 1316 quibus
651 1282 795 1316 antiquior
815 1283 963 1309 canonicus
983 1283 1015 1309 de
1040 1291 1089 1309 sua
1108 1282 1253 1317 parentela
1276 1281 1305 1308 in
1331 1280 1518 1308 anniversario
1541 1290 1589 1307 suo
1613 1280 1717 1306 solvere
1737 1281 1819 1307 debet

533 1326 601 1352 dnus
620 1326 786 1355 oblaciones,
814 1335 897 1352 unum
928 1326 963 1352 ad
995 1335 1088 1352 01111105
1117 1325 1270 1359 prebendas
1294 1334 1343 1359 pro
1370 1323 1463 1350 anima
1487 1332 1548 1354 sua,
1569 1323 1700 1350 videlicet
1719 1323 1819 1349 libram

532 1369 598 1400 vini,
619 1370 687 1396 duos
706 1378 793 1403 panes
813 1371 841 1396 et
858 1370 873 1395 6
892 1373 915 1402 β,
935 1369 1018 1395 aliam
1040 1378 1102 1395 vero
1121 1368 1296 1395 oblacionem
1313 1369 1433 1394 testatus
1452 1368 1493 1393 est
1513 1376 1561 1400 pro
1581 1367 1700 1393 remedio
1715 1366 1819 1393 domini

532 1413 566 1439 Η.
581 1413 613 1439 (10
626 1413 791 1447 Welsperch
812 1414 839 1439 et
852 1412 948 1439 matris
967 1422 1014 1439 sue
1033 1411 1108 1438 Gisle
1122 1411 1254 1438 fratribus
1267 1410 1458 1438 tantummodo
1473 1409 1657 1444 presentibum
1677 1409 1820 1443 sepultura

532 1456 611 1483 iuxta
629 1456 741 1482 ianuam
760 1465 852 1482 versus
872 1456 967 1482 scolas.

481 1499 624 1533 [Dominus
644 1498 790 1526 Heinricus
818 1498 908 1525 iunior
936 1499 1057 1524 Lucerna
1086 1498 1141 1527 ob.,
1171 1497 1248 1523 0111115
1268 1495 1458 1531 progenitores
1488 1495 1622 1521 dederunt
1649 1504 1668 1521 s.
1697 1495 1819 1521 Candido

531 1542 677 1568 dimidiam
697 1542 801 1568 curiam
820 1542 849 1568 in
870 1542 1028 1573 Kartitsch,
1060 1550 1143 1574 (11111111
1163 1540 1231 1567 colit
1250 1539 1365 1573 Payrin,
1390 1539 1423 1565 de
1452 1548 1506 1572 qua
1534 1539 1636 1564 dantur
1654 1539 1669 1564 2
1682 1539 1706 1564 d
1721 1539 1820 1565 Veron.

533 1586 568 1612 ad
588 1585 759 1612 oblacionem
780 1585 912 1611 fratribus
932 1584 970 1610 ibi
991 1584 1188 1611 servientibus:
1212 1585 1240 1610 et
1263 1583 1348 1610 etiam
1372 1582 1478 1616 legavit
1503 1582 1620 1613 domum,
1648 1582 1675 1607 in
1704 1591 1759 1615 qua
1778 1581 1819 1607 5111

535 1629 614 1662 pueri
632 1629 771 1659 habitant,
791 1628 862 1654 unde
883 1628 1028 1654 annuatim
1048 1627 1076 1653 in
1097 1627 1169 1653 Cena
1189 1626 1299 1653 Domini
1319 1625 1486 1660 persolvitur
1504 1625 1576 1651 libra
1598 1625 1609 1650 l
1631 1625 1706 1658 vini]

486 1670 648 1698 Chssnra-dus
667 1672 744 1705 dyac.
766 1673 794 1697 et
815 1671 975 1705 obleynrius
995 1671 1046 1701 ob.‚
1075 1670 1122 1704 qui
1151 1669 1228 1696 dedit
1247 1678 1266 1695 5.
1281 1668 1402 1695 Candido
1423 1668 1490 1694 duas
1519 1667 1608 1694 curias
1632 1667 1659 1694 in
1679 1670 1771 1694 monte
1792 1667 1819 1693 in

536 1715 688 1746 Planchen,
708 1715 814 1741 scilicet
835 1714 862 1740 iu
883 1714 965 1748 Zagel
985 1716 1013 1740 et
1032 1714 1060 1739 iu
1080 1713 1157 1739 Vim.

482 1758 514 1784 H.
536 1758 626 1785 dictus
646 1758 737 1784 Mozer
756 1758 813 1789 ob.,
838 1758 885 1792 qui
912 1758 988 1784 dedit
1006 1757 1089 1783 beato
1110 1756 1233 1783 Candido
1253 1757 1281 1783 et
1304 1756 1386 1782 beato
1405 1753 1556 1781 Michaheli
1576 1755 1687 1788 pratum
1706 1754 1821 1779 duorum

541 1810 655 1835 operum
674 1801 702 1827 in
723 1801 812 1827 Penn.

486 1844 631 1871 Heinricus
650 1845 728 1871 Rude
749 1845 799 1875 ob..
819 1844 867 1878 (1111
887 1844 964 1870 dedit
982 1853 1080 1878 agrum
1100 1843 1127 1869 iu
1147 1843 1340 1869 Chalchofen&

484 1887 627 1922 Rudgerus
646 1896 700 1914 sac.
721 1890 748 1914 et
768 1896 826 1914 01111,
846 1887 888 1914 ob.
910 1887 1054 1913 Heinricus
1073 1887 1124 1917 ob.,
1145 1886 1193 1919 qui
1212 1885 1290 1912 dedit
1309 1894 1405 1918 agrum
1425 1884 1452 1909 iu
1473 1883 1603 1917 SyIia(u).

483 1931 601 1957 Domina
625 1931 765 1957 Diemodis
788 1940 856 1957 uxor
883 1930 1006 1957 Heinrici
1034 1930 1063 1955 iu
1091 1931 1182 1956 Arena
1205 1929 1262 1959 ob.,
1291 1928 1368 1954 cuius
1396 1927 1512 1953 maritus
1542 1926 1650 1952 nomine
1676 1925 1821 1951 Heiuricus

535 1973 652 2001 tradidit
671 1974 736 2000 huic
756 1973 870 2000 ecclesie
890 1974 1000 2000 domum
1020 1973 1098 1999 iuxta
1117 1982 1137 1998 s.
1157 1971 1321 1998 Mauricium
1341 1972 1369 1997 et
1388 1979 1469 2004 agros
1488 1969 1576 1995 dictos
1590 1968 1821 2002 Chitzeine(n)tal

536 2019 564 2044 et
589 2017 750 2044 Steinacher
778 2019 807 2043 et
834 2018 945 2051 pratum
967 2017 978 2042 1
1000 2016 1089 2050 operis
1115 2016 1193 2042 iuxta
1213 2015 1298 2045 viam,
1327 2014 1398 2040 uude
1425 2013 1557 2040 fratribus
1584 2011 1757 2045 presentibus
1788 2011 1821 2037 de

535 2060 658 2094 ipsorum
671 2060 813 2086 amborum
827 2059 1016 2086 anniversario
1031 2080 1036 2085 .
1052 2080 1057 2086 .
1071 2080 1076 2085 .
1097 2058 1205 2085 oblacio
1223 2058 1382 2084 exsolvatur
1394 2058 1409 2082 2
1420 2060 1435 2089 β
1448 2057 1547 2083 Veron.
1584 2055 1693 2081 Dictam
1712 2063 1821 2087 quoque

536 2104 645 2130 domum
665 2103 722 2130 sive
741 2112 821 2137 agros
842 2102 980 2129 Diemodis
999 2102 1057 2128 filia
1070 2102 1178 2129 domine
1199 2101 1273 2127 Gisle
1294 2102 1321 2127 et
1340 2100 1397 2127 eius
1411 2099 1531 2130 heredes,
1551 2097 1698 2124 dummodo
1717 2097 1821 2123 dictam

535 2146 707 2173 oblacionem
727 2146 806 2172 annis
825 2146 941 2180 singulis
961 2145 1100 2176 dederint,
1126 2144 1319 2178 possidebunt,
1342 2152 1394 2176 que
1419 2143 1514 2169 doinus
1533 2143 1631 2168 exusta
1650 2140 1714 2171 fuit,
1739 2149 1820 2173 quam

534 2189 660 2215 dominus
681 2188 826 2215 Hainricus
846 2189 936 2215 dictus
955 2189 1106 2222 Ayertewr,
1127 2197 1185 2214 01111.
1206 2186 1357 2215 111110ου515,
1378 2186 1406 2212 111
1424 2188 1483 2212 toto
1503 2183 1656 2211 renovavit.

485 2232 628 2266 [Dominus
648 2232 713 2259 Otto
733 2241 791 2258 cau.
811 2231 892 2258 huius
912 2232 1026 2259 ecclesie
1045 2233 1073 2258 et
1093 2231 1166 2265 pleb.
1186 2230 1213 2256 in
1233 2230 1341 2263 Matrey
1360 2229 1410 2259 ob.,
1432 2228 1479 2262 qui
1498 2228 1575 2254 dedit
1588 2237 1606 2253 s
1623 2226 1746 2253 Candido
1759 2235 1821 2252 suas

537 2275 735 2309 proprietates,
761 2275 834 2301 sicut
854 2275 881 2301 111
909 2284 957 2301 suo
977 2274 1126 2309 privilegio
1146 2273 1318 2303 continetur,
1342 2274 1370 2298 et
1397 2271 1497 2297 librum
1525 2271 1705 2296 decretorum.
1742 2269 1821 2295 Anno

536 2318 641 2345 domini
663 2319 728 2345 1418
748 2317 910 2345 Chfinradus
931 2318 963 2344 de
984 2317 1131 2352 Ver-ingen,
1151 2317 1185 2343 de
1205 2316 1341 2350 Tegernse
1362 2315 1427 2345 (100,
1447 2315 1502 2348 ob.]

482 2361 600 2388 Domina
618 2362 795 2396 Hiltegundis
814 2362 898 2388 Retro
923 2361 1076 2388 Ecclesiam
1104 2361 1160 2391 ob.,
1188 2369 1241 2393 que
1265 2359 1372 2393 legavit
1399 2359 1481 2385 beato
1510 2355 1633 2383 Candido
1662 2355 1765 2381 curiam
1794 2354 1821 2380 iu

537 2405 695 2435 Kartstsch,
715 2405 786 2431 unde
805 2405 937 2431 fratribus
957 2404 1131 2438 presentibus
1150 2403 1232 2429 datur
1251 2401 1359 2429 oblacio
1379 2401 1406 2427 in
1425 2400 1483 2427 eius
1502 2398 1698 2425 anniversario.

486 2448 617 2475 Dominus
636 2448 668 2474 H.
689 2448 721 2474 de
741 2448 905 2482 Welsperch
926 2448 976 2479 ob.,
997 2447 1045 2481 qui
1064 2447 1141 2473 dedit
1160 2447 1243 2472 beato
1263 2444 1386 2472 Candido
1406 2443 1510 2470 curiam
1529 2443 1556 2468 in
1576 2442 1689 2468 Colle-5³⁴.

488 2491 566 2518 Gisla
585 2491 618 2517 de
638 2491 826 2524 Tessenperch
850 2500 918 2517 uxor
941 2490 1113 2517 Herebrandi
1139 2489 1265 2516 officialis
1285 2488 1341 2519 ob.,
1365 2487 1413 2521 qui
1436 2486 1513 2513 dedit
1537 2495 1556 2511 5.
1575 2484 1697 2511 Candido
1725 2493 1821 2518 agrum

537 2534 663 2560 ibidem*.
702 2534 843 2568 [Dominus
863 2534 930 2560 Otto
950 2533 1092 2567 Capellere
1113 2541 1170 2558 can.
1190 2532 1271 2558 huius
1290 2530 1404 2558 ecclesie
1424 2529 1478 2563 ob.]

484 2577 615 2603 Albertus
634 2577 667 2603 de
686 2577 811 2603 Toblach
830 2577 882 2606 ob..
902 2577 950 2610 qui
970 2577 1046 2602 dedit
1065 2578 1175 2609 pratum
1194 2574 1376 2608 Hengentale.

489 2620 622 2647 Dominus
641 2618 803 2646 Chflnradus
827 2619 918 2646 dictus
937 2619 1114 2651 Tabularius,
1142 2627 1200 2644 can.
1219 2617 1300 2644 huius
1320 2616 1446 2645 ecclesie.
1466 2615 1517 2645 ob.,
1537 2613 1585 2647 qui
1604 2612 1721 2639 tradidit
1740 2612 1821 2638 beato

537 2663 660 2689 Candido
679 2662 823 2688 dimidiam
851 2662 954 2689 curiam
975 2662 1101 2689 Pervalle
1130 2664 1158 2688 et
1185 2661 1296 2687 domum
1317 2668 1377 2686 cum
1397 2658 1482 2693 agris,
1507 2656 1615 2683 scilicet
1639 2665 1723 2681 unum
1742 2663 1823 2688 super

537 2714 643 2732 orreum
663 2705 765 2732 domini
784 2705 922 2739 episcopi,
947 2705 1014 2732 item
1033 2705 1082 2731 sub
1097 2725 1102 2730 .
1117 2725 1122 2730 .
1137 2725 1142 2730 .
1157 2706 1224 2735 tore,
1244 2713 1328 2729 unum
1346 2702 1375 2728 in
1390 2699 1611 2735 Weipleinstain‚
1631 2698 1697 2725 item
1710 2699 1823 2732 pratum

538 2757 620 2783 super
634 2749 712 2782 Reyn
731 2758 815 2774 unum
836 2749 894 2779 ehe,
913 2748 984 2774 uude
1004 2747 1136 2774 fratribus
1155 2746 1329 2784 presentibus
1348 2744 1456 2771 oblacio
1476 2742 1545 2771 solvi
1565 2742 1660 2772 debet;
1680 2740 1823 2776 sepultura

536 2794 577 2818 est
596 2792 673 2818 iuxta.
691 2792 787 2819 scolas,
